=LDR  05523 cm a22006977  4500
=001  018555587
=003  Uk
=005  20190109150328.0
=007  cr\mn\024mpada
=008  930308s1550\\\\it\||z\\s\\\\\\\\\\\ita\\
=FMT  \\$a  MU
=019  d\$aad06130011
=040  \\$aUk$beng$cUk
=041  \\$aita
=042  \\$aukblsr
=082  14$a780$215
=100  1\$aArcadelt, Jacob,$dapproximately 1505-1568.
=240  10$aMadrigals,$mvoices (4),$nbook 1
=245  10$aArchadelt primo cinquanta et sei madrigalia /$ca quatro voci de io ecelente musico messer Giaches Archadelt cantor de la cappella del papa ultimamente ristampatti & coretti. Libro primo.
=264  \1$aVenetia :$bApresso di Antonio Gardane,$c1550.
=300  \\$a4 part books ;$c16 x 22 cm (oblong 4º)
=336  \\$anotated music$2rdacontent
=337  \\$acomputer$2rdamedia
=338  \\$aonline$2rdacarrier
=340  \\$m4to$2rdabf
=500  \\$aCollection of madrigals in four parts (SATB), with table of contents in alphabetical order called 'TAVOLA Delli Madrigali Numero 56'.
=500  \\$aCopy at A.220.a. CANTVS (24 leaves); original pagination: Cantus [i], 1-46, [47]; paper dimensions: 154 x 213 mm.$5Uk
=500  \\$aCopy at A.220.a. Digitised score at http://purl.org/rism/BI/1550/16.$5Uk
=500  \\$aThe book was reprinted more than fifty-eight times, starting with RISM B/I 1539/22.
=500  \\$aTranscribed title page from cantus part book: ARCHADELT PRIMO / CINQVANTA ET SEI MADRIGALI / A quatro uoci de lo Ecelente Musico messer Giaches Archadelt Cantor / de la Cappella del Papa Vltimamente Ristampatti & corretti. / LIBRO PRIMO / A QVATRO VOCI / In Venetia Apreßo di Antonio Gardane. / 1550.
=505  0\$aIl bianco e dolce cigno / Archadelt -- Voi ve n'andat'al cielo / Archadelt -- Pungente dardo ch'il mio / Giachet Berchem -- Ragion e ben che alcuna volta / Giachet Berchem -- Quanta belta quanta gratia / Archadelt -- Poss'io morir di mala morte -- Ahi se la donna mia / Archadelt -- Occhi miei lassi / Archadelt -- Io vorrei pur fuggir / Corteccia -- Non ch'io non voglio mai / Archadelt -- Voi la mia vita -- Deh dimm'amor se l'alma / Archadelt -- Io dico che fra voi / Archadelt -- Fammi pur guerr'amor / Corteccia -- Ancidetemi pur grievi martiri / Archadelt -- Sapete amanti perch'amor e cieco / Giachet Berchem -- Io ho nel cor un gielo / Archadelt -- Dunque credete ch'io / Archadelt -- Quando co'l dolce suono / Archadelt -- Chi potra dir quanta dolcezza / Archadelt -- Quant'e madonna mia -- Madonna ohime per qual cagion / Const. Festa -- Felice me se dei bei lume / Archadelt -- Giovinetta regal -- Lodar voi donn'ingrate / Archadelt -- Nova donna m'apparve / Archadelt -- Dhe come pur al fin / Archadelt -- Lasciar'il velo / F. Layole -- Il ciel che rado virtu tanta mostra / Archadelt -- Se vi piace signora / Archadelt -- Non piu ciance madonna -- Perche non date voi, donna crudele / Jachet Berchem -- Vostra fui e saro mentre ch'io viva / Giachet Berchem -- Se la dura durezza -- Voi sapete ch'io v'am'anzi -- Che piu foco'al mio foco / Archadelt -- O si'o potessi donna / Jachet Berchem -- Io mi pensai che spento / Archadelt -- Bella Fioretta'io vorrei pur lodarvi / Archadelt -- Madonna mia gentile / Archadelt -- Amor tu sai fare -- O Felici occhi miei / Archadelt -- Se'l tuo partir mi spiacque / Archadelt -- Deh se lo sdegno altiero / Archadelt -- Fra piu bei fiori / Archadelt -- Se gli occhi non temprate -- Quai pomi mai qual'oro / Archadelt -- Alma perche si trist'ogn'hor -- Non v'accorgete amanti / Archadelt --
=505  0\$aQual clitia sempr'al maggior lum'intenta -- Beneditt'i martiri / Archadelt -- Quanti travagli e pene / Archadelt -- Se per colpa del vostro fiero sdegno -- Ahime dov'e'l bel viso / Archadelt -- Ver'infern'el mio petto / Archadelt -- Quand'io pens'al martire / Archadelt.
=510  4\$aM.S. Lewis: Antonio Gardano, Venetian Music Printer 1538-1569: a Descriptive Bibliography and Historical Study (New York, 1988-97),$cno.144.
=510  4\$aRISM B/I,$c1550¹⁶
=510  4\$aT.W. Bridges: The Publishing of Arcadelt's First Book of Madrigals (diss., Harvard U., 1982),$c353-56.
=546  \\$aItalian words.
=650  \0$aMadrigals, Italian.
=700  1\$aBerchem, Jachet de,$dactive 16th century,$ecomposer.
=700  1\$aCorteccia, Francesco,$d1502-1571,$ecomposer.
=700  1\$aFesta, Costanzo,$d-1545,$ecomposer.
=700  1\$aGardane, Antonio,$d1509-1569,$eprinter.
=700  1\$aLayolle, Francesco de,$d1492-approximately 1540,$ecomposer.
=752  \\$aItaly$dVenice.$2lcsh/naf
=856  41$uhttp://purl.org/rism/BI/1550/16$yDigitised score
=859  \\$aXLD$bDCW
=852  4\$cDRT$jDigital Store A.220.a.$aBritish Library$bMUSIC
=985  \\$aEarly Music Online project
=985  \\$aRecord amended for WR# 13/070
=985  \\$aname title to add
=985  \\$aCorrected by MS generated file for WR# 1805-0738
=CAT  \\$aBATCH-DCW$b00$c20171017$lBLL01$h0213
=CAT  \\$a12274$b40$c20190109$lBLL01$h1503
=CAT  \\$a1805-0738$c20190121$lBLL01$h1743
=CAT  \\$a1805-0738$b00$c20190121$lBLL01$h1745
=FIN  \\$aY$d20171017
=LKR  \\$aPAR$lBLL01$r776$b004175545$mArchadelt primo cinquanta et sei madrigalia /$nArchadelt primo cinquanta et sei madrigalia /
=DGM  \\$a004175545$bCatBridge variable field
=DRT  \\$aDCW
=SRC  \\$aDCW$bDCW_20171016
=OHC  \\$a1
=LAS  \\$a1805-0738$b00$c20190121$lBLL01$h1745

