=LDR  04644 cm a2200709 a 4500
=001  018555588
=003  Uk
=005  20190109150404.0
=007  cr\mn\024mpada
=008  930322s1560\\\\it\cpz\\s\\\\\\\\\\\fre\\
=FMT  \\$a  MU
=019  d\$aec14360012
=040  \\$aUk$beng$cUk
=042  \\$aukblsr
=082  14$a780$215
=245  03$aIl secondo libro de canzon francese a quatro voci /$cdi Clement Janequin [et altri autori] ; novamente per Antonio Gardano ristampato.
=246  1\$iTranscribed title from canto part book:$aDi Clement Janequin il secondo libro de canzon francese a quatro voci
=264  \1$aVenetia :$bAppresso di Antonio Gardano,$c1560.
=300  \\$a4 part books ;$c16 x 22 cm (oblong 4º)
=336  \\$anotated music$2rdacontent
=337  \\$acomputer$2rdamedia
=338  \\$aonline$2rdacarrier
=340  \\$m4to$2rdabf
=500  \\$aCollection of 24 chansons in four parts (SATB) by various composers.
=500  \\$aCopy at A.239. Canto (12 leaves) Alto (12 leaves) Tenore (12 leaves) Basso (12 leaves); original foliation: Canto [i], 1-23 p. Alto [i], 1-23 p. Tenore [i], 1-23 p. Basso [i], 1-23 p.; paper dimensions: 150 x 210 mm.$5Uk
=500  \\$aCopy at A.239. Digitised score at http://purl.org/rism/BI/1560/8.$5Uk
=500  \\$aReprint of RISM B/I 1548⁵.
=500  \\$aTranscribed title page from canto part book: [Decorative border] CANTO / DI CLEMENT IANEQVIN / IL SECONDO LIBRO DE CANZON FRANCESE / A quatro uoce Nouamente per Antonio Gardano Ristampato. / A QUATRO [Printer's device V in Lewis] VOCI / In Venetia Appresso di / Antonio Gardano. / [rule] / 1560.
=500  \\$aWith table of contents at the end of each part book.
=505  0\$aSi dung petit de vostre bien Madame / C. Janequin -- Fringotes jeusnes fillettes / Giaches du pont -- Hau de par dieu hau ma mie / Giaches du pont -- Ce sont gallans qui sen vont resiovir / C. Janequin -- Il nest plaisir ne passe temps au monde / C. Janequin -- Allons ung peu plus avant demourons nous ici / Heurteur -- Ung petit coup ma mie / C. Janequin -- Mi levay par ung matin / C. Janequin -- Je nen dirai mot bergiere ma mie / Passereau -- Pourquoy voules vous cousturier / Passereau -- Ung peu plus hault ung peu plus bas / Passereau -- Prenes la galland couppes luy les choses / C. Janequin -- Saincte Barbe mon cor mon compere / C. Janequin -- Martin menoit son pourceau au marche / C. Janequin -- Sus le jolli jolli jonc ma doulce amie / Passereau -- Ne le refuse mie son le donne / Damien Hauricq -- Elle craint cela sur tout rien / C. Janequin -- Mais ma migno[n]ne aux tetins descouvers / C. Janequin -- Ung laboureur au premier cha[n]t du coq / Certon -- Pourquoi donc ne fringuero[n]s nous / Passereau -- Dictes vous que ne scay faire / Des Pruz -- Il ya de lognon de lognette / Nicolo Paten -- Ung compaignon gallin galland / Passereau -- Cest grand pitie quant argent fault / Certon.
=510  3\$aLewis, Mary S. Antonio Gardano : Venetian music printer, 1538-1569 : a descriptive bibliography and historical study (New York, Garland, 1997)
=510  4\$aRISM B/I,$c1560⁸
=546  \\$aFrench words.
=700  0\$aJosquin,$cdes Prez,$d-1521,$ecomposer.
=700  1\$aCerton, Pierre,$d-1572,$ecomposer.
=700  1\$aGardane, Antonio,$d1509-1569,$eprinter.
=700  1\$aHavericq, Damien,$dactive 1538-1556,$ecomposer.
=700  1\$aJanequin, Clément,$dapproximately 1495-approximately 1560,$ecomposer.
=700  1\$aLe Heurteur, Guillaume,$ecomposer.
=700  1\$aPassereau, Pierre,$dactive 1509-1547,$ecomposer.
=700  1\$aPaten, Nicolo,$ecomposer.
=700  1\$aPonte, Giaches de,$dactive 16th century,$ecomposer.
=710  2\$aGardane (Firm),$eprinter.
=752  \\$aItaly$bVenice.$2lcsh/naf
=856  41$uhttp://purl.org/rism/BI/1560/8$yDigitised score
=859  \\$aXLD$bDCW
=852  4\$cDRT$jDigital Store A.239.$aBritish Library$bMUSIC
=985  \\$aEarly Music Online project
=985  \\$aRecord amended for WR# 13/070
=985  \\$aname title to add
=985  \\$aCorrected by MS generated file for WR# 1805-0738
=CAT  \\$aBATCH-DCW$b00$c20171017$lBLL01$h0213
=CAT  \\$a12274$b40$c20190109$lBLL01$h1504
=CAT  \\$a1805-0738$c20190121$lBLL01$h0828
=CAT  \\$a1805-0738$b00$c20190121$lBLL01$h0828
=FIN  \\$aY$d20171017
=LKR  \\$aPAR$lBLL01$r776$b004434686$mIl secondo libro de canzon francese a quatro voci /$nIl secondo libro de canzon francese a quatro voci /
=DGM  \\$a004434686$bCatBridge variable field
=DRT  \\$aDCW
=SRC  \\$aDCW$bDCW_20171016
=OHC  \\$a1
=LAS  \\$a1805-0738$b00$c20190121$lBLL01$h0828

