=LDR  10317 cm a2201153 a 4500
=001  018555589
=003  Uk
=005  20190109150453.0
=007  cr\mn\024mpada
=008  930322s1583\\\\gw\||z\\s\\\\\\\\\\\lat\\
=FMT  \\$a  MU
=019  d\$aef17370005
=040  \\$aUk$beng$cUk
=042  \\$aukblsr
=082  14$a780$215
=245  00$aHarmoniae miscellae cantionum sacrarum :$bab exquisitissimis aetatis nostrae musicis cum quinque & sex vocibus concinnatae : pleraeque omnes novae : necdum in Germania typis scriptae /$cnunc autem editae studio Leonardi Lechneri Athesini.
=264  \1$aNoribergae :$bTypis Gerlachianis,$cMDLXXXIII [1583]
=300  \\$a6 part books ;$c19 x 24 cm (oblong 4º)
=336  \\$anotated music$2rdacontent
=337  \\$acomputer$2rdamedia
=338  \\$aonline$2rdacarrier
=340  \\$m4to$2rdabf
=500  \\$aCollection of motets in five and six parts by various composers.
=500  \\$aCopy at A.249.c. Cantus (38 leaves), Altus (38 leaves), Tenor (38 leaves), Basis (34 leaves), Quinta vox (38 leaves), Sexta vox (19 leaves); paper dimensions: 159 x 210 mm.$5Uk
=500  \\$aCopy at A.249.c. Digitised score at http://purl.org/rism/BI/1583/2.$5Uk
=500  \\$aGuami's 'Miserere nostri Domine' is headed 'ad aequales' in all part books.
=500  \\$aLechner's 'Annus finit iter' is headed in the Tenor part book: Julio Geudero. Amplißimo Prudentißimo[que] Noribergensin patritio ac Senatori, in felix huius M D LXXXIII ineuntis novi anni auspicium faciebat Leonardus Lechnerus Athesinus.
=500  \\$aMotets 1-21 are for five voices and numbers 22-42 are for six voices.
=500  \\$aTranscribed title page from tenor part book: Harmoniae miscellae / CANTIONVM SA- / CRARVM, AB EXQVISITISSIMIS / AETATIS NOSTRAE MVSICIS CVM QVINQVE / & Sex vocibus concinnatae, pleraeque omnes novae, necdum in Ger- / mania typis scriptae: nunc autem editae studio / LEONARDI LECHNERI ATHESINI. / Tenor. / Cum gratia & privilegio Caeareae Maiestatis &c. / NORIBERGAE, / TYPIS GERLACHIANIS. / M D LXXXIII.
=500  \\$aWith table of contents.
=505  0\$aDilige solitudinem & silentium / Orlandus de Lasso -- Ad te levavi oculos meos (secunda pars: Adiutorium nostrum in nomine Domini) / Philippus de Monte -- Agimus tibi gratias, rex omnipotens Deus / Cyprianus de Rore -- Domine a lingua dolosa / Hannibal Paduano -- Fuit homo missus à Deo (secunda pars: Erat Johannes in deserto) / Johannes Petraloysius Praenestinus -- Veni Domine, & noli tardare / Orlandus de Lasso -- Amen amen dico vobis, quia plorabitis (Secunda pars: Mulier, cum parit, tristitiam) / Jacobus de Vvert -- Exaudi Deus orationem meam (secunda pars: Cor meum conturbatum est) / Andreas Gabrieli -- Domine non est exaltatum cor meum (secunda pars: Sicut ablactatus est) / Ferdinandus de Lasso -- Sperent in te omnes / Constantius Porta -- Factus est repente de coelo sonus / Marcus Antonius Ingegnerius -- Beata Dei genitrix (secunda pars: Beata quae credidit) / Constantius Porta -- Quam pulchrae sunt mammae tuae (secunda pars: Favus distillans labia tua sponsa) / Hannibal Stabilis -- Surrexit pastor bonus / Marcus Antonius Ingegnerius -- Miserere nostri Domine / Josephus Guami -- O lux beata trinitas / Andreas Gabrieli -- Beati qui habitant in domo / Philippus de Monte -- Si bona suscepimus de manu Domini / Ferdinandus de Lasso -- Quae sunt in corde hominium / Antonius Morari -- In voluntate tua, Domine / Incertus author -- Annus finit iter, finem da Christe malorum / Leonardus Lechnerus Athesinus -- Hodie Christus natus est / Cyprianus de Rore -- Deus meus, respice in me / Philippus de Monte -- Confirma hoc Deus quod operatus es in nobis / Orlandus de Lasso -- Auditam fac mihi mane misericordiam / Ferdinandus de Lasso --
=505  0\$aQuiescat vox tua à ploratu (secunda pars: Revertentur filii tui ad terminos suos) / Jacobus de Vvert -- Victimae paschali laudes (secunda pars: Credendum est magis soli Mariae) / Don Ferdinandus de las Infantas -- Excellit reliquas doctae (secunda pars: Ego tuas laudes nostrae celebrare) / Guilielmus Prevost -- Aspice Domine de sede sancta tua / Antonius Morari -- Susanna, ab improbis senibus (secunda pars: Postquàm autem falso eorum testimonio) / Johannes Petraloysius Praenestinus -- Ad te levavi oculos meos / Antonius Gossuvinus -- Viri Galilaei quid statis / Theodorus Riccius -- Oravi Dominum Deum meum dicens / Constantius Porta -- Gemma Carbunculi in ornamento auri / Georgius Florius -- Laetatus sum in his quae dicta sunt mihi / Antonius Gossvvinus -- Haec dies quam fecit Dominus / Johan. Petraloysius Praenestinus -- Ascendente Jesu in naviculam (Domine, salva nos, perimus) / Jacobus de Vvert -- O lux beata trinitas (secunda pars: Deo patri sit gloria) / Alfonsus Ferabosco -- Aspice Domine quia facta est (secunda pars: Plorans ploravit in nocte) / Hippolitus Baccusius -- In tenebris nostrae & densa caligine mentis / Hannibal Meloni -- Si bona suscepimus de manu Domini (secunda pars: Nudus egressus sum de utero matris meae) / Leonardus Lec. Athesinus -- Ne intres in judicium cum servo tuo (secunda pars: Delicta juventutis meae) / Leonardus Lec. Athesinus.
=510  3\$aHarry B. Lincoln, The Latin motet : indexes to printed collections, 1500-1600 (Ottawa: Institute of Medieval Music, 1993).
=510  4\$aRISM B/I,$c1583²
=546  \\$aLatin words.
=650  \0$aMotets.
=700  02$aAnnibale,$cPadovano,$d1527-1575.$tMotets,$mvoices (5-6),$nbook 1.$pDomine a lingua dolosa.
=700  1\$aDulner, Paul,$ededicatee.
=700  1\$aGerlach, Katharina,$dactive 1578-1591,$eprinter.
=700  1\$aLechner, Leonhard,$d-1606,$ecomplier.
=700  12$aBaccusi, Ippolito,$dapproximately 1540-1609.$tAspice Domine quia facta est.
=700  12$aFerrabosco, Alfonso,$d1543-1588.$tO lux beata trinitas.
=700  12$aFlori, Giorgio,$dapproximately 1558-approximately 1595.$tGemma Carbunculi.
=700  12$aGabrieli, Andrea,$dapproximately 1533-1585.$tSacrae cantiones.$pExaudi Deus orationem meam.
=700  12$aGabrieli, Andrea,$dapproximately 1533-1585.$tSacrae cantiones.$pO lux beata trinitas.
=700  12$aGosswin, Anton,$dapproximately 1546-1597 or 1598.$tAd te levavi oculos meos.
=700  12$aGosswin, Anton,$dapproximately 1546-1597 or 1598.$tLaetatus sum.
=700  12$aGuami, Gioseffo,$d1542-1611.$tMiserere nostri Domine.
=700  12$aInfantas, Fernando de las,$d1534-approximately 1610.$tSacrae varii styli cantiones,$nliber 3.$pVictimae paschali laudes.
=700  12$aIngegneri, Marc Antonio,$d1535 or 1536-1592.$tSacrae cantiones,$mvoices (5).$pFactus est repente.
=700  12$aIngegneri, Marc Antonio,$d1535 or 1536-1592.$tSacrae cantiones,$mvoices (5).$pSurrexit pastor bonus.
=700  12$aLasso, Orlando di,$d1532-1594.$tConfirma hoc Deus.
=700  12$aLasso, Orlando di,$d1532-1594.$tDilige solitudinem.
=700  12$aLasso, Orlando di,$d1532-1594.$tVeni Domine et noli tardare,$mvoices (5)
=700  12$aLassus, Ferdinand de,$dapproximately 1560-1609.$tAuditam fac mihi.
=700  12$aLassus, Ferdinand de,$dapproximately 1560-1609.$tDomine non est exaltatum cor meum.
=700  12$aLassus, Ferdinand de,$dapproximately 1560-1609.$tSi bona suscepimus de manu Domini.
=700  12$aLechner, Leonhard,$d-1606.$tAnnus finit iter.
=700  12$aLechner, Leonhard,$d-1606.$tNe intres in judicium.
=700  12$aLechner, Leonhard,$d-1606.$tSi bona suscepimus de manu Domini.
=700  12$aMeloni, Annibale.$tIn tenebris nostrae
=700  12$aMonte, Philippe de,$d1521-1603.$tAd te levavi oculos meos.
=700  12$aMonte, Philippe de,$d1521-1603.$tBeati qui habitant in domo.
=700  12$aMonte, Philippe de,$d1521-1603.$tDeus meus, respice in me.
=700  12$aMorari, Antonio,$d-1597.$tAspice Domine de sede sancta.
=700  12$aMorari, Antonio,$d-1597.$tQuae sunt in corde hominium.
=700  12$aPalestrina, Giovanni Pierluigi da,$d1525?-1594.$tMotets$n(1575).$pFuit homo missus a Deo.
=700  12$aPalestrina, Giovanni Pierluigi da,$d1525?-1594.$tMotets$n(1575).$pHaec dies.
=700  12$aPalestrina, Giovanni Pierluigi da,$d1525?-1594.$tMotets$n(1575).$pSusanna ab improbis.
=700  12$aPorta, Costanzo,$d1528 or 1529-1601.$tBeata Dei genitrix.
=700  12$aPorta, Costanzo,$d1528 or 1529-1601.$tOravi Dominum Deum meum.
=700  12$aPorta, Costanzo,$d1528 or 1529-1601.$tSperent in te omnes.
=700  12$aPrevost, Guillaume,$d16th century.$tExcellit reliquas doctae.
=700  12$aRiccio, Teodoro,$dapproximately 1540-approximately 1600.$tViri Galilaei.
=700  12$aRore, Cipriano de,$d1515 or 1516-1565.$tAgimus tibi gratias.
=700  12$aRore, Cipriano de,$d1515 or 1516-1565.$tHodie Christus natus est.
=700  12$aStabile, Annibale,$dactive 16th century.$tQuam pulchrae sunt mammae tuae.
=700  12$aWert, Giaches de,$d1535-1596.$tModulationes.$pAscendente Jesu in naviculam.
=700  12$aWert, Giaches de,$d1535-1596.$tModulationes.$pQuiescat vox tua a ploratu.
=700  12$aWert, Giaches de,$d1535-1596.$tMotets,$nbook 2.$pAmen, amen dico vobis.
=710  2\$aKatharina Gerlach (Firm),$eprinter.
=752  \\$aGermany$bNuremberg.$2lcsh/naf
=856  41$uhttp://purl.org/rism/BI/1583/2$yDigitised score
=859  \\$aXLD$bDCW
=852  4\$cDRT$jDigital Store A.249.c.$aBritish Library$bMUSIC
=985  \\$aEarly Music Online project
=985  \\$aRecord amended for WR# 13/070
=985  \\$aCorrected by MS generated file for WR# 1805-0738
=CAT  \\$aBATCH-DCW$b00$c20171017$lBLL01$h0213
=CAT  \\$a12274$b40$c20190109$lBLL01$h1504
=CAT  \\$a1805-0738$c20190121$lBLL01$h0828
=CAT  \\$a1805-0738$b00$c20190121$lBLL01$h0828
=FIN  \\$aY$d20171017
=LKR  \\$aPAR$lBLL01$r776$b004472320$mHarmoniae miscellae cantionum sacrarum : ab exquisitissimis aetatis nostrae musicis cum quinque & sex vocibus concinnatae : pleraeque omnes novae : necdum in Germania typis scriptae /$nHarmoniae miscellae cantionum sacrarum : ab exquisitissimis aetatis nostrae musicis cum quinque & sex vocibus concinnatae : pleraeque omnes novae : necdum in Germania typis scriptae /
=DGM  \\$a004472320$bCatBridge variable field
=DRT  \\$aDCW
=SRC  \\$aDCW$bDCW_20171016
=OHC  \\$a2
=LAS  \\$a1805-0738$b00$c20190121$lBLL01$h0828

