=LDR  15293ccm a22014897  4500
=001  018555590
=003  Uk
=005  20230727130217.0
=007  cr\mn\024mpada
=008  930322s1590\\\\gw\||z\\s\\\\\\\\\\\lat\\
=FMT  \\$a  MU
=019  d\$aeg17160002
=040  \\$aUk$beng$cUk
=041  \\$alat
=042  \\$aukblsr
=082  14$a780$215
=245  00$aCorollarium cantionum sacrarum$bquinque, sex, septem, octo, et plurium vocum de festis praecipuis anni. Quarum quaedam anteà, a praestantissimis nostrae aetatis musicis, in Italia separatim editae sunt, quaedam vero nuperrimè concinnatae nec uspiam typis excusae, /$cat nunc in unum quasi corpus redactae studio & opera Friderici Lindneri &c.
=264  \1$aNoribergae :$bIn officina typographica Catharinae Gerlachiae,$c1590.
=300  \\$a6 part books ;$c17 x 21 cm (oblong 4º)
=336  \\$anotated music$2rdacontent
=337  \\$acomputer$2rdamedia
=338  \\$aonline$2rdacarrier
=340  \\$m4to$2rdabf
=500  \\$aCollection of motets in 5 to 12 parts.
=500  \\$aCopy at A.251.b. CANTVS (64 leaves); ALTVS (64 leaves); TENOR (64 leaves); BASSVS (56 leaves); QVINTA VOX (78 leaves); SEXTA VOX (60 leaves); paper dimensions: 150 x 195 mm.$5Uk
=500  \\$aCopy at A.251.b. Digitised score at http://purl.org/rism/BI/1590/5.$5Uk
=500  \\$aThe cantus part for Stabilis' 'Beata es virgo Maria' is labelled: Canon in subdiapente & ad Tertiam per oppositum.
=500  \\$aThe number of parts for each motet is given in the table of contents as well as above the music, though Lasso's 'Omnes de Saba' is incorrectly labelled in the table of contents as à 6 (rather than à 8) and Scandello's 'Christus vere languores' à 6 (rather than à 5).
=500  \\$aTranscribed title page: COROLLARIVM / CANTIONVM SACRARVM / QVINQVE, SEX, SEPTEM, OCTO, ET / PLVRIVM VOCVM DE FESTIS PRAE- / CIPUIS ANNI. / Quarum quaedam anteà, a praestantissimis nostrae aetatis Musicis, in Italia separatim editae sunt, / quaedam vero nuperrimè concinnatae, nec uspiam typis excusae, at nunc in unum quasi cor- / pus redactae studio & opera FRIDERICI LINDNERI &c. / CANTVS. / NORIBERGAE / In officina typographica Catherinae Gerlachiae, anno 1590.
=500  \\$aWith table of contents. The contents are divided into 13 sections: De Nativitate, Circumcisione & Epiphaniis Domini, De Purificatione, Annunciatione & Visitatione Maria virginis, Dominica Palmarum & de Passione Domini, De gloriosa resurrectione Domini, In feriis Philippi & Jacobi Apostolorum, In festo Ascensionis Domini, In festo Pentecostes, De Sancta Trinitate, In festo Joannis Baptistae, Infeeriis Petri & Pauli Apostolorum, De Apostolis & Sanctis communiter, De Adventu Domini, Ad placitum. Palestrina's 8-part 'Surge illuminare Hierusalem' is not listed in the table of contents.
=505  0\$aAngelus Domini descendit de coelo / Renati del Mel -- Angelus Domini descendit de coelo (secunda pars: Et introeuntes in monumentum) / Johann:Petraloysii Preanestini -- Tulerunt Dominum meum / Renati del Mel -- Mane nobiscum Domine / Annibal Stabilis -- Non turbetur cor vestrum (secunda pars: Philippe, qui viset me) / Philip: de Monte -- Regna terrae, cantate Deo / Ascanio Trombetti -- Tempus est, ut revertar ad eum (secunda pars: Nisi ergo abiero) / Philip: de Monte -- O rex gloriae, Domine virtutum / Jacob: Corfini -- Ascendo ad Patrem meum (secunda pars: Ego rogabo patrem) / Johan. Petraloysis -- Veni sancta Spiritus, lucis tuae radium / Johan: Petraloysii -- Si quis diligit me, sermonem meum servabit / Dominico Lauro -- Advenit ignis divinus (secunda pars: Invenit eos concordes charitate) / Philip: de Monte -- Virtute magna reddebant apostoli / Ascanio Trombetti -- Hodie completi sunt dies Pentecostes / Gregorius Aichinger -- Duo Seraphin clamabant / Marci Antonii Ingignerii -- Tibi laus, tibi gloria, Tibi gratiarum actio / Marci Antonii Ingignerii -- Gloria Patri, qui creavit nos (secunda pars: Te decet laus, te decet hymnus) / Bernhardus Klingenstein -- O altitudo divitarum sapientiae / Ascanio Trombetti -- Te Deum laudamus: Te Dominum confitemur / Oratio Columbano -- Sancte Johannes Baptista, electe Dei / Philip: de Monte -- Tu es Petrus, & super hanc petram / Johan:Petraloysii -- Solve jubente Deo (secunda pars: Quodcunque ligaveris super terram) / Johan:Petraloysii -- Tu es Petrus,& super hanc petram (secunda pars: Quodcunque ligaveris super terram) / Johan:Petraloysii Praenestini -- Hi sunt, qui venerunt de tribulatione magna (secunda pars: Dignus es Domine Deus noster) / Annibal: Stabilis -- Laudem dicite Deo nostro / Ascanio Trombetti -- Cantabant sancti, canticum novum / Juliano Cartarii --
=505  0\$aQuem vidistis Pastores / Marci Antonii Ingignerii -- Beata viscera Mariae virginis / Marci Antonii Ingignerii -- Angeli Domini apparverunt / Bernhardus Klingenstein -- Quem vidistis pastores / Jacob. Corfini -- Hodie Christus natus est / Renati del Mel -- Verbum caro factum est / Jacobo Corfino -- Hodie nobis coelorum rex (secunda pars: Gloria in excelsis Deo) / Philip: de Monte -- Lux fulgebit hodie super nos (secunda pars: Dies sanctificatus illuxit nobis) / Philip. De Monte -- Cum esset desponsata / Bernhardus Klingenstein -- In illo tempore. Postquam consummate sunt / Jacobus Florius -- O admirabile commercium / Rinald: del Mel -- Omnes de Saba veniunt / Orlando di Lasso -- Nunc dimittis servum tuum Domine / Jacobi Corfini -- Senex puerum portabat (secunda pars: Hodie beata virgo Maria) / Jo:Pet:Alois:Praenest: -- Haec est dies, quam fecit Dominus / Claudio da Correg: -- Beata es virgo Maria, quae credidisti / Annibal Stabilis -- Ne timeas Maria, invenisti gratiam (secunda pars: Ecce ancilla Domini) / Philippo de Monte -- Quasi Cedrus exaltata sum in libano (secunda pars: Quasi oliva speciosa in campis) / Philippi de Monte -- Nunc dimittis servum tuum Domine / Syllae Petraloysii -- Pueri Hebraeorum portantes ramos (secunda pars: Pueri Hebraeorum vestimenta prosternebant) / Marci Antonii Ingignerii -- O Crux splendidior cunctis astris / Andrea Gabrieli -- Christus vere languores nostros tulit (secunda pars: Ipse autem vulneratus est) / Antonius Scandellus -- Victimae paschali laudes immolent christiani / Marci Antonii Ingignerii -- Tulerunt Dominum meum / Ascanio Trombetti -- Victimae paschali laudes immolent Christiani / Annibal: Stabilis -- Surrexit pastor bonus / Jacobi Corfini -- Tulerunt Dominum meum (secunda pars: Cum ergo fleret inclinavit se) / Philip: de Monte --
=505  0\$aTimete Dominum omnes sancti eius / Ascanio Trombetti -- Gaudent in coelis / Renati del Mel -- Ecce ego mitto vos (secunda pars: Dum lucem habetis) / Philip: deMonte -- Ibant Apostoli gaudentes / Annibal: Stabilis -- Ecce venit desideratus cunctis / Marci Antonii Ingignerii -- Canite tuba in Syon / Marci Antonii Ingignerii -- Transite praeparate viam populo / Juliani Cartarii -- Hierusalem, cito veniet salus tua (secunda pars: Ego enim sum Dominus Deus) / Johan Petraloysii -- Veni Domine, & noli tardare (secunda pars: Excita Domine potentiam tuam) / Johan:Petraloysii Praenestini -- Cantite tuba in Sion (secunda pars: Rorate coeli desuper) / Johan:Petraloysii Praenestini -- Deus meus, ad te luce vigilo / Giovanne Gabrieli -- Benedictus Dominus Deus Sabaoth / Andrea Gabrieli -- Egredimini & videte, filiae Syon / Andrea Gabrieli -- Domine Deus meus, in te speravi / Andrea Gabrieli -- O fili Dei succurre remiseris / Andrea Gabrieli -- O Gloriose Domine, exclse super sydera / Andrea Gabrieli -- Surge illuminare Hierusalem / Johan: Petraloysii Praenestini.
=510  4\$aHarry B. Lincoln, The Latin Motet: Indexes to Printed Collections, 1500-1600 (Ottawa: Institute of Medieval Music, 1993).
=510  4\$aRISM B/I,$c1590 ⁵
=650  \0$aMotets.
=700  1\$aAichinger, Gregor,$d1564-1628.$tHodie completi sunt dies Pentecostes.
=700  1\$aCartari, Giuliano,$dbetween 1536 and 1539-1613?.$tCantabant sancti, canticum novum.
=700  1\$aColombani, Oratio,$dapproximately 1550-1595.$tTe Deum laudamus.
=700  1\$aCorfini, Jacopo,$d-1591.$tNunc dimittis servum tuum Domine.
=700  1\$aCorfini, Jacopo,$d-1591.$tO rex gloriae, Domine virtutum.
=700  1\$aCorfini, Jacopo,$d-1591.$tQuem vidistis pastores.
=700  1\$aCorfini, Jacopo,$d-1591.$tSurrexit pastor bonus.
=700  1\$aCorfini, Jacopo,$d-1591.$tVerbum caro factum est.
=700  1\$aFlori, Jacobus,$dactive 1571-1599.$tIn illo tempore postquam consummate sunt.
=700  1\$aGabrieli, Andrea,$dapproximately 1533-1585.$tBenedictus Dominus Deus.
=700  1\$aGabrieli, Andrea,$dapproximately 1533-1585.$tDomine, Deus meus, in te speravi.
=700  1\$aGabrieli, Andrea,$dapproximately 1533-1585.$tEgredimini et videte.
=700  1\$aGabrieli, Andrea,$dapproximately 1533-1585.$tO crux splendidior.
=700  1\$aGabrieli, Andrea,$dapproximately 1533-1585.$tO fili Dei, succurre miseris.
=700  1\$aGabrieli, Andrea,$dapproximately 1533-1585.$tO gloriose Domine (1590)
=700  1\$aGabrieli, Giovanni,$dapproximately 1554-1612.$tDeus, Deus meus, voices (10)
=700  1\$aGerlach, Katharina,$dactive 1578-1591,$eprinter.
=700  1\$aIngegneri, Marc Antonio,$d1535 or 1536-1592.$tBeata viscera Mariae virginis.
=700  1\$aIngegneri, Marc Antonio,$d1535 or 1536-1592.$tCanite tuba in Sion.
=700  1\$aIngegneri, Marc Antonio,$d1535 or 1536-1592.$tDuo seraphim clamabant.
=700  1\$aIngegneri, Marc Antonio,$d1535 or 1536-1592.$tEcce venit desideratus cunctis.
=700  1\$aIngegneri, Marc Antonio,$d1535 or 1536-1592.$tPueri Hebraeorum portantes ramos.
=700  1\$aIngegneri, Marc Antonio,$d1535 or 1536-1592.$tQuem vidistis Pastores.
=700  1\$aIngegneri, Marc Antonio,$d1535 or 1536-1592.$tTibi laus, tibi gloria.
=700  1\$aIngegneri, Marc Antonio,$d1535 or 1536-1592.$tVictimae paschali laudes.
=700  1\$aKlingenstein, Bernhard,$d1545/6-1614.$tAngeli Domini apparverunt
=700  1\$aKlingenstein, Bernhard,$d1545/6-1614.$tCum esset desponsata
=700  1\$aKlingenstein, Bernhard,$d1545/6-1614.$tGloria Patri, qui creavit nos
=700  1\$aLasso, Orlando di,$d1532-1594.$tOmnes de Saba venient.
=700  1\$aLauro, Domenico,$d1540- d. after 1607-$tSi quis diligit me
=700  1\$aMel, Rinaldo del,$dapproximately 1554-approximately 1598.$tAngelus Domini descendit de caelo.
=700  1\$aMel, Rinaldo del,$dapproximately 1554-approximately 1598.$tGaudent in caelis.
=700  1\$aMel, Rinaldo del,$dapproximately 1554-approximately 1598.$tHodie Christus natus est.
=700  1\$aMel, Rinaldo del,$dapproximately 1554-approximately 1598.$tO admirabile commercium.
=700  1\$aMel, Rinaldo del,$dapproximately 1554-approximately 1598.$tTulerunt Dominum meum.
=700  1\$aMerulo, Claudio,$d1533-1604.$tHaec est dies,$mvoices (8)
=700  1\$aMonte, Philippe de,$d1521-1603.$tHodie nobis caelorum rex.
=700  1\$aMonte, Philippe de,$d1521-1603.$tLux fulgebit hodie super nos.
=700  1\$aMonte, Philippe de,$d1521-1603.$tMotets,$mvoices (5),$nbook 2.$pQuasi cedrus exaltata sum.
=700  1\$aMonte, Philippe de,$d1521-1603.$tMotets,$mvoices (5),$nbook 3.$pEcce ego mitto vos.
=700  1\$aMonte, Philippe de,$d1521-1603.$tMotets,$mvoices (5),$nbook 3.$pNon turbetur cor vestrum.
=700  1\$aMonte, Philippe de,$d1521-1603.$tMotets,$mvoices (6),$nbook 2.$pAdvenit ignis divinus.
=700  1\$aMonte, Philippe de,$d1521-1603.$tMotets,$mvoices (6),$nbook 2.$pSancte Joannes Baptista.
=700  1\$aMonte, Philippe de,$d1521-1603.$tNe timeas Maria.
=700  1\$aMonte, Philippe de,$d1521-1603.$tTempus est, ut revertar.
=700  1\$aMonte, Philippe de,$d1521-1603.$tTulerunt Dominum meum.
=700  1\$aNuremberg Senate,$ededicatee.
=700  1\$aPalestrina, Giovanni Pierluigi da,$d1525?-1594.$tJerusalem, cito veniet.
=700  1\$aPalestrina, Giovanni Pierluigi da,$d1525?-1594.$tMotets$n(1569).$pSenex puerum portabat.
=700  1\$aPalestrina, Giovanni Pierluigi da,$d1525?-1594.$tMotets$n(1569).$pTu es Petrus.
=700  1\$aPalestrina, Giovanni Pierluigi da,$d1525?-1594.$tMotets$n(1572).$pAscendo ad Patrem.
=700  1\$aPalestrina, Giovanni Pierluigi da,$d1525?-1594.$tMotets$n(1572).$pCanite tuba.
=700  1\$aPalestrina, Giovanni Pierluigi da,$d1525?-1594.$tMotets$n(1572).$pTu es Petrus.
=700  1\$aPalestrina, Giovanni Pierluigi da,$d1525?-1594.$tMotets$n(1575).$pAngelus Domini.
=700  1\$aPalestrina, Giovanni Pierluigi da,$d1525?-1594.$tMotets$n(1575).$pSurge illuminare Jerusalem.
=700  1\$aPalestrina, Giovanni Pierluigi da,$d1525?-1594.$tMotets$n(1575).$pVeni Sancte Spiritus.
=700  1\$aPalestrina, Giovanni Pierluigi da,$d1525?-1594.$tSolve, jubente Deo.
=700  1\$aPalestrina, Giovanni Pierluigi da,$d1525?-1594.$tVeni Domine.
=700  1\$aPalestrina, Silla.$tNunc dimittis servum tuum Domine
=700  1\$aScandello, Antonio,$d1517-1580.$tChristus vere languores nostros.
=700  1\$aStabile, Annibale,$dactive 16th century.$tBeata es virgo Maria.
=700  1\$aStabile, Annibale,$dactive 16th century.$tHi sunt, qui venerunt.
=700  1\$aStabile, Annibale,$dactive 16th century.$tIbant Apostoli gaudentes.
=700  1\$aStabile, Annibale,$dactive 16th century.$tMane nobiscum Domine.
=700  1\$aStabile, Annibale,$dactive 16th century.$tVictimae paschali laudes.
=700  1\$aTrombetti, Ascanio,$d1544-1590.$tMotets.$pLaudem dicite Deo nostro.
=700  1\$aTrombetti, Ascanio,$d1544-1590.$tO altitudo divitarum sapientiae.
=700  1\$aTrombetti, Ascanio,$d1544-1590.$tRegna terrae, cantate Deo.
=700  1\$aTrombetti, Ascanio,$d1544-1590.$tTimete Dominum omnes sancti eius.
=700  1\$aTrombetti, Ascanio,$d1544-1590.$tTulerunt Dominum meum.
=700  1\$aTrombetti, Ascanio,$d1544-1590.$tVirtute magna reddebant apostoli.
=752  \\$aGermany$dNuremberg.$2lcsh/naf
=856  41$uhttp://purl.org/rism/BI/1590/5$yDigitised score
=859  \\$aXLD$bDCW
=852  4\$cDRT$jDigital Store A.251.b.$aBritish Library$bMUSIC
=985  \\$aRecord amended for WR# 13/070
=985  \\$aname title to add
=985  \\$aCorrected by MS generated file for WR# 1805-0738
=CAT  \\$aBATCH-DCW$b00$c20171017$lBLL01$h0213
=CAT  \\$a1805-0738$c20190111$lBLL01$h1805
=CAT  \\$a1805-0738$b00$c20190111$lBLL01$h1827
=CAT  \\$a8870$b40$c20200918$lBLL01$h1044
=CAT  \\$aBATCH-UPD$b40$c20200918$lBLL01$h1044
=CAT  \\$aMFISHER$b40$c20230727$lBLL01$h1302
=FIN  \\$aY$d20171017
=LKR  \\$aPAR$lBLL01$r776$b004484272$mCorollarium cantionum sacrarum quinque, sex, septem, octo, et plurium vocum de festis praecipuis anni. Quarum quaedam anteà, a praestantissimis nostrae aetatis musicis, in Italia separatim editae sunt, quaedam vero nuperrimè concinnatae nec uspiam typis excusae, /$nCorollarium cantionum sacrarum quinque, sex, septem, octo, et plurium vocum de festis praecipuis anni. Quarum quaedam anteà, a praestantissimis nostrae aetatis musicis, in Italia separatim editae sunt, quaedam vero nuperrimè concinnatae nec uspiam typis excusae, /
=DGM  \\$a004484272$bCatBridge variable field
=DRT  \\$aDCW
=SRC  \\$aDCW$bDCW_20171016
=OHC  \\$a1
=LAS  \\$aMFISHER$b40$c20230727$lBLL01$h1302

