=LDR  10226 cm a22011417  4500
=001  018555591
=003  Uk
=005  20171017021308.0
=007  cr\mn\024mpada
=008  930322s1585\\\\gw\||z\\s\\\\\\\\\\\lat\\
=FMT  \\$a  MU
=019  d\$aeg17160009
=040  \\$aUk$beng$cUk
=041  \\$alat$glat
=042  \\$aukblsr
=082  14$a780$215
=245  00$aSacrae cantiones,$bcum quinque, sex et pluribus vocibus, de Festis praecipuis totius anni, a praestantissimis Italiae musicis nuperrime concinnatae. Quarum quaedam antea Venetiis separatim edita sunt, quaedam in unum Corpus redactae, studio verò planè novae, nec usquam excusae, at nunc ingratiam & ususm scholarum at[que] ecclesiarum Germanicarum /$cin unum corpus redacta, studio & opera Friderici Lindneri, Reipub. Noribergensium à cantionibus.
=264  \1$aNoribergae :$bIn officina typographica Catharinae Gerlachiae,$c1585.
=300  \\$a6 part books ;$c16 x 21 cm (oblong 4º)
=336  \\$anotated music$2rdacontent
=337  \\$acomputer$2rdamedia
=338  \\$aonline$2rdacarrier
=340  \\$m4to$2rdabf
=500  \\$aCollection of motets for the entire liturgical year with table of contents. Contains 16 six-part works, 22 five-part works, 1 nine-part work, 1 seven-part work and 1 eight-part work.
=500  \\$aCopy at A.251. DISCANTVS (44 leaves), ALTVS (46 leaves),TENOR (44 leaves), QVINTA VOX (46 leaves), SEXTA VOX (24 leaves), BASSVS (39 leaves); paper dimensions: 149 x 195 mm.$5Uk
=500  \\$aCopy at A.251. Digitised score at http://purl.org/rism/BI/1585/1.$5Uk
=500  \\$aFor 'Jubilate Deo omnis terra', the sexta vox part book contains music for 'Sexta vox' and 'Septima vox'.
=500  \\$aFor 'Laudate Dominum omnes gentes', the quinta vox part book contains music for 'Secundi chori CANTVS' and 'Secundi chori ALTVS', and the sexta vox part book contains music for 'Secundi chori TENOR' and 'Secundi chori BASSVS'.
=500  \\$aFor 'Maria Magdalene ibant diluculo', the tenor part book contains music for 'Primi chori TENOR' and 'Primi chori QVINTUS', the quinta vox part book contains music for 'Secundi chori BASSVS' and 'Secundi chori TENOR', and the sexta vox part book contains music for 'Secundi chori CANTVS' and Secundi chori ALTVS'.
=500  \\$aTranscribed title page from altus part book: SACRAE / CANTIONES, / CVM QVINQVE, SEX / ET PLVRIBVS VOCIBVS, DE FE- / STIS PRAECIPVIS TOTIVS ANNI, A / PRAESTANTISSIMIS ITALIAE MVSICIS NV- / PERRIME CONCINNATAE. / QVARVM QVAEDAM ANTEA VENETIIS SEPARATIM / edita sunt, quaedam verò planè novae, nec usquam excusae, at nunc ingratiam & ususm scho- / larum at[que] Ecclesiarum Germanicarum in unum corpus redacta, studio & opera FRI- / DERICI LINDNERI, Reipub. Noribergensium à cantionibus. / ALTVS. / NORIBERGAE, / In officina typographica Catharinae Gerlachiae. / ANNO MDXVC.
=505  0\$aO magnum mysterium (secunda pars: Quem vidistis pastores dicite) / [Giovanni Pierluigi da Palestrina] -- Quem vidistis pastores dicite (secunda pars: Dicite, quidnam vidistis) / [Jean Pennequin] -- Verbum caro factum est (secunda pars: In principio erat Verbum) (tertia pars: Cuius gloriam vidimus) -- O admirabile commercium -- Verbum caro factum est -- Hodie Christus natus est -- Stella quam viderant Magi -- [Tribus miraculis] Ornatum diem sanctum colimus -- Hodie beata virgo Maria -- Adorna thalamum tuum Syon -- Missus est Gabriel angelus (secunda pars: Quae cum audisset turbata est) (tertia pars: Dixit autem Maria ad Angelum) -- Suscipe verbum virgo Maria (secunda pars: Paries quidem filium) -- Ingrediente Domino in sanctam civitatem -- Foderunt manus meas -- O Vos omnes -- Timor & tremor (secunda pars: Exaudi Deus deprecationem meam) -- In monte oliveti -- Maria Magdalene ibant diluculo -- Alleluja, Tulerunt Dominum meum -- Dum transisset Sabbatum (secunda pars: Et valde mane una Sabbatorum) -- Pax vobis ego sum, Alleluja -- Domine ostende nobis patre[m] (secunda pars: Tanto tempore vobiscum sum) -- Omnes gentes plaudite manibus (secunda pars: Psallite Deo nostro) -- Viri Galilaei, quid statis (secunda pars: Ascendit Deus in jubilatione) -- Dum complerentur dies Pentecostes (secunda pars: Dum ergò essent in unum discipuli congregati) -- Veni sancte Spiritus (secunda pars: O Lux beatissima) (tertia pars: Lava quod est sordidum) -- Hodie completi sunt -- O Altitudo divitiarum sapientiae -- Tibi laus, tibi gloria (secunda pars: Et benedictum nomen gloriae tuae sanctum) -- Puer qui natus est -- Sancti & justi in Domino gaudete -- Non turbentur amplius fidelium -- Vos qui reliquistis omnia -- Gaudent in caelis (secunda pars: Ideo cum Christo -- O Rex gentium & desideratus earum -- Jocundare filia Sion -- Vulnerasti cor meum -- In Deo speravit cor meum -- Domine, à lingua dolosa -- Jubilate Deo omnis terra -- Laudate Dominum omnes gentes.
=510  4\$aRISM B/I,$c1585 ¹
=546  \\$aLatin words.
=650  \0$aChoruses, Sacred (Mixed voices), Unaccompanied.
=650  \0$aMotets.
=650  \0$aPart songs, Sacred.
=700  0\$aGeorg Friedrich,$cMargrave of Brandenburg-Ansbach,$d1539-1603,$eother.
=700  0\$aLudwig$bIII,$cHerzog von Württemberg,$d1554-1593,$ededicatee.
=700  1\$aCardillo, Jacopo Antonio,$dactive approximately 1579-86.$tHodie completi sunt
=700  1\$aCorfini, Jacopo,$d-1591.$tGaudent in caelis.
=700  1\$aCornet, Séverin,$dapproximately 1530-1582.$tTibi laus, tibi gloria.
=700  1\$aCornet, Séverin,$dapproximately 1530-1582.$tVeni sancte spiritus.
=700  1\$aCornet, Séverin,$dapproximately 1530-1582.$tVerbum caro factum est.
=700  1\$aDorati, Nicolo.$tDomine a lingua dolosa.
=700  1\$aFaignient, Noé,$dactive 1560-1600.$tLaudate Dominum omnes gentes.
=700  1\$aFerrabosco, Alfonso,$d1543-1588.$tIn monte Oliveti.
=700  1\$aFerrabosco, Alfonso,$d1543-1588.$tO vos omnes.
=700  1\$aFerrabosco, Alfonso,$d1543-1588.$tTimor et tremor.
=700  1\$aGerlach, Katharina,$dactive 1578-1591,$eprinter.
=700  1\$aGuami, Gioseffo,$d1542-1611.$tJubilate Deo omnis terra.
=700  1\$aInfantas, Fernando de las,$d1534-approximately 1610.$tDomine ostende nobis.
=700  1\$aInfantas, Fernando de las,$d1534-approximately 1610.$tMissus est Gabriel angelus.
=700  1\$aLindner, Friedrich,$dapproximately 1542-1597,$eeditor.
=700  1\$aMarazzi, Silvio,$dactive 16th century.$tDum transisset Sabbatum.
=700  1\$aMarazzi, Silvio,$dactive 16th century.$tHodie Christus natus est.
=700  1\$aMarazzi, Silvio,$dactive 16th century.$tJucundare filia Sion.
=700  1\$aMassaino, Tiburtio,$dapproximately 1550-approximately 1609.$tMaria Magdalene ibant diluculo.
=700  1\$aMassaino, Tiburtio,$dapproximately 1550-approximately 1609.$tOmnes gentes plaudite manibus.
=700  1\$aMerulo, Claudio,$d1533-1604.$tIn Deo speravit.
=700  1\$aMerulo, Claudio,$d1533-1604.$tO Rex gentium.
=700  1\$aMerulo, Claudio,$d1533-1604.$tO altitudo divitiarum,$mvoices (6)
=700  1\$aMerulo, Claudio,$d1533-1604.$tPax vobis, ego sum.
=700  1\$aMerulo, Claudio,$d1533-1604.$tSacrae cantiones,$nliber 1.$pHodie Beata Virgo Maria.
=700  1\$aMerulo, Claudio,$d1533-1604.$tSancti et justi.
=700  1\$aMerulo, Claudio,$d1533-1604.$tTribus miraculis ornatum diem.
=700  1\$aMerulo, Claudio,$d1533-1604.$tVos qui reliquistis omnia.
=700  1\$aPalestrina, Giovanni Pierluigi da,$d1525?-1594.$tMotets |n (1569).$pO admirabile commercium.
=700  1\$aPalestrina, Giovanni Pierluigi da,$d1525?-1594.$tMotets$n(1569).$pAlleluja, Tulerunt Dominum.
=700  1\$aPalestrina, Giovanni Pierluigi da,$d1525?-1594.$tMotets$n(1569).$pDum complerentur.
=700  1\$aPalestrina, Giovanni Pierluigi da,$d1525?-1594.$tMotets$n(1569).$pO magnum mysterium.
=700  1\$aPalestrina, Giovanni Pierluigi da,$d1525?-1594.$tMotets$n(1569).$pViri Galilaei.
=700  1\$aPalestrina, Giovanni Pierluigi da,$d1525?-1594.$tPuer qui natus est.
=700  1\$aPalestrina, Giovanni Pierluigi da,$d1525?-1594.$tStella quam viderant Magi.
=700  1\$aPalestrina, Giovanni Pierluigi da,$d1525?-1594.$tSuscipe verbum, virgo Maria.
=700  1\$aPennequin, Jean,$dactive approximately 1577-85,$tQuem vidistis pastores
=700  1\$aZallamella, Pandolfo,$d1551-after 1590,$tVerbum caro factum est
=700  1\$aZallamella, Pandolfo,$d1551-after 1590.$tAdorna thalamum tuum Syon
=700  1\$aZallamella, Pandolfo,$d1551-after 1590.$tFoderunt manus meas
=700  1\$aZallamella, Pandolfo,$d1551-after 1590.$tIngrediente Domino in sanctam civitatem
=700  1\$aZallamella, Pandolfo,$d1551-after 1590.$tNon turbentur amplius fidelium
=740  02$aVulnerasti cor meum
=752  \\$aGermany$dNuremberg.$2lcsh/naf
=856  41$uhttp://purl.org/rism/BI/1585/1$yDigitised score
=859  \\$aXLD$bDCW
=852  4\$cDRT$jDigital Store A.251.$aBritish Library$bMUSIC
=985  \\$aRecord amended for WR# 13/070
=985  \\$aname title to add
=985  \\$aCorrected by MS generated file for WR# 1805-0738
=CAT  \\$aBATCH-DCW$b00$c20171017$lBLL01$h0213
=CAT  \\$a1805-0738$c20190111$lBLL01$h1805
=CAT  \\$a1805-0738$b00$c20190111$lBLL01$h1827
=FIN  \\$aY$d20171017
=LKR  \\$aPAR$lBLL01$r776$b004484279$mSacrae cantiones, cum quinque, sex et pluribus vocibus, de Festis praecipuis totius anni, a praestantissimis Italiae musicis nuperrime concinnatae. Quarum quaedam antea Venetiis separatim edita sunt, quaedam in unum Corpus redactae, studio verò planè novae, nec usquam excusae, at nunc ingratiam & ususm scholarum at[que] ecclesiarum Germanicarum /$nSacrae cantiones, cum quinque, sex et pluribus vocibus, de Festis praecipuis totius anni, a praestantissimis Italiae musicis nuperrime concinnatae. Quarum quaedam antea Venetiis separatim edita sunt, quaedam in unum Corpus redactae, studio verò planè novae, nec usquam excusae, at nunc ingratiam & ususm scholarum at[que] ecclesiarum Germanicarum /
=DGM  \\$a004484279$bCatBridge variable field
=DRT  \\$aDCW
=SRC  \\$aDCW$bDCW_20171016
=OHC  \\$a1
=LAS  \\$a1805-0738$b00$c20190111$lBLL01$h1827

