=LDR  06055 cm a22008777  4500
=001  018555592
=003  Uk
=005  20190109150520.0
=007  cr\mn\024mpada
=008  930323s1596\\\\be\||z\\s\\\\\\\\\\\ita\\
=FMT  \\$a  MU
=019  d\$aej13580008
=040  \\$aUk$beng$cUk
=041  \\$aita$gita
=042  \\$aukblsr
=082  14$a780$215
=245  00$aMadrigali a otto voci /$cDe diversi eccellenti et famosi autori. Con alcuni dialoghi, & echo, per cantar & sonar à due chori. Novamente raccolti & dati in luce.
=264  \1$aIn Anuersa :$bappresso Pietro Phalesio,$cMDXCVI [1596]
=300  \\$a8 part books ;$c16 x 21 cm (oblong 4º)
=336  \\$anotated music$2rdacontent
=337  \\$acomputer$2rdamedia
=338  \\$aonline$2rdacarrier
=340  \\$m4to$2rdabf
=500  \\$aCollection of eight-part madrigals, including 'Dialoghi' and an 'Echo'.
=500  \\$aCopy at A.234. Digitised score at http://purl.org/rism/BI/1596/8.$5Uk
=500  \\$aCopy at A.234. Tenore (20 leaves); [i-ii], 1-37, [38] p.; paper dimensions: 159 x 201 mm.$5Uk
=500  \\$aTranscribed title page from tenor part book: MADRIGALI / A OTTO VOCI. / DE / DIVERSI ECCELLENTI ET / FAMOSI AVTORI. / Con alcuni Dialoghi, & Echo, per Cantar & / Sonar à Due Chori. / Nouamente Raccolti & dati in luce. / TENORE. / IN ANVERSA. / Appresso Pietro Phalesio. / M. D. XCVI.
=500  \\$aWith a dedication by the publisher to Pierre François Sweerts in Italian, signed '20. di Luglio 1596'.
=500  \\$aWith table of contents at the back.
=505  0\$aPrimo Choro: Se'l mio bel fior che spira / Felice Anerio -- O che felice giorno / Gio. Gabrieli -- Noi siamo Ninfe belle / Costanzo Porta -- Versin gioia dal ciel / Cesare Carletti -- Dialogo. Primo Choro. A le guancie di rose / Andrea Gabrieli -- Tirsi pastor cantando (seconda parte: Mentre il mesto pastore) / Hippolito Sabino -- Dormiva dolcemente la mia Clori / Giovanni Gabrieli -- Dialogo. Morte Che vuoi [Morte o Morte in table of contents] / Jacomo Corfini -- Occhi che fia di voi / Claudio da Correggio -- Qual canzon ti debb'io / Alfonso Preti -- Voi volete ch'io moia / Costanzo Porta -- Quand havra: Puo finir il martire / Andrea Gabrieli -- Perche mi segui ancora / Marc'Antonio Ingegneri -- Se'l pensier che mi strugge / Luca Marenzio -- Gia la Ninfa hor voce dolce membra scossa / Alessandro Striggio -- Chiar'Angioletta sembr'à gl'occhi miei / Gio. Gabrieli -- Donne vagh'e leggiadre / Gio. Maria Nanino -- Donne la pura luce / Ruggier Giovanelli -- Vezzosa Filli il tuo leggiadr'aspetto / Andrea Gabrieli -- Tutto lo dì mi dici canta / Orlando Lasso -- Hor che nel suo bel seno / Andrea Gabrieli -- Perche non debbo del mio mal gioire (seconda parte: Dolce mio foco & dolci miei ferrite) / Pietro Philippi -- O la O che bon Echo / Orlando Lasso -- Che giova posseder cittadi e regni / Cornelio Verdonch -- All'apparir della leggiadra figlia / Alessandro Striggio -- Fuggi pur se sai / Giovan Gabrieli -- Lieto godea sedendo / Giovanni Gabrieli -- Vieni vieni Himeneo / Andrea Gabrieli -- Cantiam lieti cantiamo / Gio. Giacomo Gastoldi -- Crudel aspro dolore / Filippo de Monte -- Ecco la vaga aurora / Andrea Gabrieli -- O misero mio core / Giulio Eremita -- Ecco Nuntio di gioia / Horatio Vecchi -- Concerto de Pastori a 8. Primo Choro. Scacciam l'antico sonno / Gio. Giacomo Gastoldi.
=510  4\$aEmil Vogel and Alfred Einstein, 'Bibliography of Italian Secular Vocal Music Printed between the Years 1500-1700', Notes, Second Series, Vol. 5, No. 1 (1947),$cpp. 65-96.
=510  4\$aRISM B/I,$c1596⁸
=546  \\$aItalian words.
=650  \0$aMadrigals, Italian.
=700  1\$aAnerio, Felice,$dapproximately 1560-1614,$ecomposer.
=700  1\$aCarletti, Cesare,$ecomposer.
=700  1\$aCorfini, Jacopo,$d-1591,$ecomposer.
=700  1\$aEremita, Giulio,$dapproximately 1550-approximately 1600,$ecomposer.
=700  1\$aGabrieli, Andrea,$dapproximately 1533-1585,$ecomposer.
=700  1\$aGabrieli, Giovanni,$dapproximately 1554-1612,$ecomposer.
=700  1\$aGastoldi, Giovanni Giacomo,$dactive 1582-1609,$ecomposer.
=700  1\$aGiovannelli, Ruggiero,$dapproximately 1560-1625,$ecomposer.
=700  1\$aIngegneri, Marc Antonio,$d1535 or 1536-1592,$ecomposer.
=700  1\$aLasso, Orlando di,$d1532-1594,$ecomposer.
=700  1\$aMarenzio, Luca,$d1553-1599,$ecomposer.
=700  1\$aMerulo, Claudio,$d1533-1604,$ecomposer.
=700  1\$aMonte, Philippe de,$d1521-1603,$ecomposer.
=700  1\$aNanino, Giovanni Maria,$d1543 or 1544-1607,$ecomposer.
=700  1\$aPhalèse, Pierre,$dapproximately 1550-1629,$eprinter.
=700  1\$aPhilips, Peter,$d1561-1628,$ecomposer.
=700  1\$aPorta, Costanzo,$d1528 or 1529-1601,$ecomposer.
=700  1\$aPreti, Alfonso,$dactive 1586-1592,$ecomposer.
=700  1\$aSabino, Ippolito,$dapproximately 1550-1593,$ecomposer.
=700  1\$aStriggio, Alessandro,$d1536 or 1537-1592,$ecomposer.
=700  1\$aSweerts, Pierre François,$d1567-1629,$ededicatee.
=700  1\$aVecchi, Orazio,$d1550-1605,$ecomposer.
=700  1\$aVerdonck, Cornelis,$d1563-1625,$ecomposer.
=752  \\$aBelgium$dAntwerp.$2lcsh/naf
=856  41$uhttp://purl.org/rism/BI/1596/8$yDigitised score
=859  \\$aXLD$bDCW
=852  4\$cDRT$jDigital Store A.234$aBritish Library$bMUSIC
=985  \\$aEarly Music Online project
=985  \\$aRecord amended for WR# 13/070
=985  \\$aname title to add
=985  \\$aCorrected by MS generated file for WR# 1805-0738
=CAT  \\$aBATCH-DCW$b00$c20171017$lBLL01$h0213
=CAT  \\$a12274$b40$c20190109$lBLL01$h1505
=CAT  \\$a1805-0738$c20190121$lBLL01$h1743
=CAT  \\$a1805-0738$b00$c20190121$lBLL01$h1745
=FIN  \\$aY$d20171017
=LKR  \\$aPAR$lBLL01$r776$b004503318$mMadrigali a otto voci /$nMadrigali a otto voci /
=DGM  \\$a004503318$bCatBridge variable field
=DRT  \\$aDCW
=SRC  \\$aDCW$bDCW_20171016
=OHC  \\$a1
=LAS  \\$a1805-0738$b00$c20190121$lBLL01$h1745

