=LDR  05845 cm a22007697  4500
=001  018555593
=003  Uk
=005  20190109150556.0
=007  cr\mn\024mpada
=008  930323s1554\\\\be\||z\\s\\\\\\\\\\\lat\\
=FMT  \\$a  MU
=019  d\$afa20780051
=040  \\$aUk$beng$cUk
=041  \\$alat$glat
=042  \\$aukblsr
=082  14$a780$215
=245  00$aSacrarum cantionum (vulgo hodie moteta vocant) quinque et sex vocum :$bad veram harmoniam concentumque ab optimis quibusque musicis in philomusorum gratiam compositarum.
=264  \1$aAntuerpiae :$bExcudebant Hubertus Waelrandus & Joannes Latius,$cMDLIIII [1554]
=300  \\$a5 part books ;$c18 x 23 cm (oblong 4º)
=336  \\$anotated music$2rdacontent
=337  \\$acomputer$2rdamedia
=338  \\$aonline$2rdacarrier
=340  \\$m4to$2rdabf
=500  \\$aCollection of motets in 5 parts except for the last five which are in 6 parts.
=500  \\$aCopy at A.103.(1.). Digitised score at http://purl.org/rism/BI/1554/6.$5Uk
=500  \\$aCopy at A.103.(1.). SVPERIVS (16 leaves); CONTRATENOR (16 leaves); TENOR (16 leaves); BASSVS (16 leaves); Superius: [1-2] iii- xxxi [32] Contratenor: [1-2] i, iv-xxxi [32] Tenor: [1-2] iii-xxvij, xxx, xxx- xxxi [32] Bassus: [1-2] v-vj, viij, viij, vij, iiii, ix-xxviij, xxx, xxx-xxxj [32]; paper dimensions: 153 x 195 mm.$5Uk
=500  \\$aThe ascription for 'Nolite iudicare' is only given in the indexes and the superius part book.
=500  \\$aTitle from Contratenor part book.
=500  \\$aTranscribed title page from contratenor part book: CONTRATENOR. / SACRARVM CANTIO- / NVM (VVLGO HODIE MOTETA VOCANT) / QVINQVE ET SEX VOCVM AD VERAM HARMONIAM / concentumque ab optimis quibusque Musi- / cis in philomusorum gratiam / compositarum. / Liber primus. / ANTUERPIAE. / Excudebant Ioannes Latius & hubertus VVaelrandus. / An. M. D. LIIII. / Cum Gratia & Priuilegio.
=500  \\$aWith index at the front (not in contratenor part book).
=505  0\$aCaeleste beneficium introivit in Anna[m] (headed: De Sancta Anna) (secunda pars: Tu nos anna pia) / Clemens non Papa. -- Christus factus est [pro] nobis (secunda pars: Propter [quod] & deus exultavit) / Cricquillon -- Tulerunt dominu[m] meu[m] (headed: De Resurrectione) / Maillart -- Sancti mei qui in isto seculo (headed: De omnis sanctis) (secunda pars: Venite benedicti patris mei) / Olivir di latre -- Sancta maria virgo virginum (headed: De virgine Maria) (secunda pars: Ut caelestis regni) / Cricquillon -- Christus resurgens ex mortuis (secunda pars: Mortuus est enim) / Montanus -- Ascendens Christus in altum (headed: De Ascensione) (secunda pars: Ascendo ad patre[m] meum) / Clemens non Papa -- Ad te domine levavi (secunda pars: Necque irrideant me) / A. Tubal -- O crux splendidior cunctis astris (secunda pars: Nobile lignum exaltum) / Manchicourt -- Job tonso capite (secunda pars: Dominus dedit dominus abstulit) / Clemens non Papa -- Nolite judicare & non judicabimini (secunda pars: Hypocrita eijce primu[m] trabe[m]) / Clemens non Papa -- Sancta Maria succurre miseris / Clemens non Papa -- Caesaris auspicijs magni / Cricquillon -- Verbum caro factum est (secunda pars: In principio erat verbum; tertia pars: Cuius gloriam vidimus) / Hollandus -- Ave mu[n]di spes Maria / Clemens non Papa -- Hoc est [prae]ceptu[m] meum (secunda pars: Mementote sermonis mei) / Clemens non Papa -- Homo quida[m] fecit nuptias (secunda pars: Gaudeamus & exultemus) / Manchicourt.
=510  1\$aHarry B. Lincoln, The Latin Motet: Indexes to Printed Collections, 1500-1600 (Ottawa: Institute of Medieval Music, 1993).
=510  1\$aR. Weaver: Waelrant and Laet: Music Publishers in Antwerp's Golden Age (Warren, MI, 1995).
=510  4\$aR. Weaver: A Descriptive Bibliographical Catalog of the Music Printed by Hubert Waelrant and Jan de Laet (Warren, MI, 1995),$cno. 2
=510  4\$aRISM B/I,$c1554⁶
=546  \\$aLatin words.
=650  \0$aMotets.
=700  1\$aClemens non Papa, Jacobus,$dapproximately 1510-approximately 1555,$ecomposer.
=700  1\$aCrecquillon, Thomas,$d-1557?,$ecomposer.
=700  1\$aDe Latre, Olivier,$ecomposer.
=700  1\$aHollander, Christian,$dapproximately 1510-1568 or 1569,$ecomposer.
=700  1\$aLaet, Jean,$dapproximately 1525-approximately 1567,$eprinter.
=700  1\$aMaillard, Jean,$dactive 1538-1572,$ecomposer.
=700  1\$aManchicourt, Pierre de,$dapproximately 1510-1564,$ecomposer.
=700  1\$aTubal, Adrian,$dactive 1553-1556,$ecomposer.
=700  1\$aUlstatt, Johannes,$cof Augsburg,$ededicatee.
=700  1\$aVom Berg, Johann,$d-1563,$ecomposer.
=700  1\$aWaelrant, Hubert,$d1516 or 1517-1595,$eprinter.
=752  \\$aBelgium$dAntwerp.$2lcsh/naf
=856  41$uhttp://purl.org/rism/BI/1554/6$yDigitised score
=859  \\$aXLD$bDCW
=852  4\$cDRT$jDigital Store A.103.(1.)$aBritish Library$bMUSIC
=985  \\$aEarly Music Online project
=985  \\$aRecord amended for WR# 13/070
=985  \\$aname title to add
=985  \\$aCorrected by MS generated file for WR# 1805-0738
=CAT  \\$aBATCH-DCW$b00$c20171017$lBLL01$h0213
=CAT  \\$a12274$b40$c20190109$lBLL01$h1505
=CAT  \\$a1805-0738$c20190121$lBLL01$h1743
=CAT  \\$a1805-0738$b00$c20190121$lBLL01$h1745
=FIN  \\$aY$d20171017
=LKR  \\$aPAR$lBLL01$r776$b004538667$mSacrarum cantionum (vulgo hodie moteta vocant) quinque et sex vocum : ad veram harmoniam concentumque ab optimis quibusque musicis in philomusorum gratiam compositarum.$nSacrarum cantionum (vulgo hodie moteta vocant) quinque et sex vocum : ad veram harmoniam concentumque ab optimis quibusque musicis in philomusorum gratiam compositarum.
=DGM  \\$a004538667$bCatBridge variable field
=DRT  \\$aDCW
=SRC  \\$aDCW$bDCW_20171016
=OHC  \\$a1
=LAS  \\$a1805-0738$b00$c20190121$lBLL01$h1745

