=LDR  05670 cm a22007937  4500
=001  018555594
=003  Uk
=005  20190109150618.0
=007  cr\mn\024mpada
=008  930323m15541555be\||z\\s\\\\\\\\\\\lat\\
=FMT  \\$a  MU
=019  d\$afa20780052
=040  \\$aUk$beng$cUk
=041  \\$alat$glat
=042  \\$aukblsr
=082  14$a780$215
=245  00$aSacrarum cantionum (vulgo hodie moteta vocant) quinque et sex vocum :$bad veram harmoniam concentumque ab optimis quibusque musicis in philomusorum gratiam compositarum.
=264  \1$aAntuerpiae :$bExcudebant Hubertus Waelrandus & Joannes Latius,$c1554-1555.
=300  \\$a5 part books ;$c18 x 23 cm (oblong 4º)
=336  \\$anotated music$2rdacontent
=337  \\$acomputer$2rdamedia
=338  \\$aonline$2rdacarrier
=340  \\$m4to$2rdabf
=500  \\$aCollection of motets in 5 parts, except for the last four which are in 6 parts.
=500  \\$aCopy at A.103.(2.). Digitised score at http://purl.org/rism/BI/1555/6.$5Uk
=500  \\$aCopy at A.103.(2.). SVPERIVS (16 leaves); CONTRATENOR (16 leaves); TENOR (16 leaves); BASSVS (16 leaves); Superius: [1-2] iii-iiii [5-7] viii-xxi, xxiij, xxlij, xxiiij, xxiiij, xxvi-ii, xxvii, xxix-xxxi [32] Contratenor: [1-2] iii-xxvij, xvi, xxix-xxxi [32] Tenor: [1-2] iii-xi, vij, xiij-xxxi [32] Bassus:[1-2] iii-xix [20] xxj-xxxi [32]; paper dimensions: 153 x 195 mm.$5Uk
=500  \\$aPart book names are included on the title page of the Tenor and Bassus part books only.
=500  \\$aThe contratenor part book only is dated 1554.
=500  \\$aTitle from Superius part book.
=500  \\$aTranscribed title page from Superius part book: SACRARVM CANTIO- / NVM (VVLGO HODIE MOTETA VOCANT) / QVINQVE ET SEX VOCVM AD VERAM HARMONIAM / concentumque ab optimis quibusque Musi- / cis in philomusorum gratiam / compositarum. / Liber secundus. / ANTUERPIAE. / Excudebant Hubertus VVaelrandus & Ioannes Latius. / An. M. D. LV/ Cum Gratia & Priuilegio.
=500  \\$aWith a dedication to Culmann Asschenhaymer of Mosbrunn in Latin in the bassus part book only.
=500  \\$aWith an index at the front.
=505  0\$aDeus misereatur nostri (secunda pars: Laetentur et exultent gentes) / Cricquillion -- Omnes ge[n]tes atte[n]dite / Maillart -- Domine probasti me proba (secunda pars: Proba me d[omi]ne) / Clemens non Papa -- Philippe qui videt me (secunda pars: Tanto tempore vobiscum sum) / Zacheus -- Caesar habet naves validas / Clemens non Papa -- Extraneus factus sum fratibus meis / Petit Jan -- Dum tra[n]sisset sabbatu[m] Maria / A Tubal -- Et valde mane una sabbato / A Tubal -- Praemia pro validas ausis (headed: Epitaphium comitis Burensis) (secunda pars: Scilicet et morie[n]s) / Cricquillion -- Cum esset Anna amaro (Quintus: Sancta Margareta ora pro nobis) (secunda pars: Cognovit aute[m] Helchana; tertia pars: Offerens puerum Heli ait Anna) / A Tubal -- Tota pulchr es amica mea (secunda pars: Surge propera amica mea) / Clemens non Papa -- In illo tempore dicebant (secunda pars: Sed cu[m] facis co[n]vivium) / Gombert -- Qualis est dilecta me / Petit Jan -- Laude[m] dicite deo nostro (secunda pars: Gaudeamus et exultemus) / Hollandus -- O Magnu[m] mysteriu[m] (secunda pars: Domine audivi auditu[m] tuu[m]) / Clemens non Papa.
=510  1\$aHarry B. Lincoln, The Latin Motet: Indexes to Printed Collections, 1500-1600 (Ottawa: Institute of Medieval Music, 1993).
=510  1\$aR. Weaver: Waelrant and Laet: Music Publishers in Antwerp's Golden Age (Warren, MI, 1995).
=510  4\$aR. Weaver: A Descriptive Bibliographical Catalog of the Music Printed by Hubert Waelrant and Jan de Laet (Warren, MI, 1995),$cno. 3
=510  4\$aRISM B/I,$c1555⁶
=546  \\$aLatin words.
=650  \0$aMotets.
=700  1\$aAsschenhaymer, Culmann$cof Mosbrunn,$ededicatee.
=700  1\$aClemens non Papa, Jacobus,$dapproximately 1510-approximately 1555,$ecomposer.
=700  1\$aCrecquillon, Thomas,$d-1557?,$ecomposer.
=700  1\$aDe Latre, Petit Jean,$dapproximately 1510-1569,$ecomposer.
=700  1\$aGombert, Nicolas,$dactive 16th century,$ecomposer.
=700  1\$aHollander, Christian,$dapproximately 1510-1568 or 1569,$ecomposer.
=700  1\$aLaet, Jean,$dapproximately 1525-approximately 1567,$eprinter.
=700  1\$aMaillard, Jean,$dactive 1538-1572,$ecomposer.
=700  1\$aTubal, Adrian,$dactive 1553-1556,$ecomposer.
=700  1\$aWaelrant, Hubert,$d1516 or 1517-1595,$eprinter.
=700  1\$aZaccheus, Joannes,$ecomposer.
=752  \\$aBelgium$dAntwerp.$2lcsh/naf
=856  41$uhttp://purl.org/rism/BI/1555/6$yDigitised score
=859  \\$aXLD$bDCW
=852  4\$cDRT$jDigital Store A.103.(2.)$aBritish Library$bMUSIC
=985  \\$aEarly Music Online project
=985  \\$aRecord amended for WR# 13/070
=985  \\$aname title to add
=985  \\$aCorrected by MS generated file for WR# 1805-0738
=CAT  \\$aBATCH-DCW$b00$c20171017$lBLL01$h0213
=CAT  \\$a12274$b40$c20190109$lBLL01$h1506
=CAT  \\$a1805-0738$c20190121$lBLL01$h1743
=CAT  \\$a1805-0738$b00$c20190121$lBLL01$h1745
=FIN  \\$aY$d20171017
=LKR  \\$aPAR$lBLL01$r776$b004538668$mSacrarum cantionum (vulgo hodie moteta vocant) quinque et sex vocum : ad veram harmoniam concentumque ab optimis quibusque musicis in philomusorum gratiam compositarum.$nSacrarum cantionum (vulgo hodie moteta vocant) quinque et sex vocum : ad veram harmoniam concentumque ab optimis quibusque musicis in philomusorum gratiam compositarum.
=DGM  \\$a004538668$bCatBridge variable field
=DRT  \\$aDCW
=SRC  \\$aDCW$bDCW_20171016
=OHC  \\$a1
=LAS  \\$a1805-0738$b00$c20190121$lBLL01$h1745

