=LDR  05191 cm a22007697  4500
=001  018555595
=003  Uk
=005  20190109150643.0
=007  cr\mn\024mpada
=008  930323s1555\\\\be\||z\\s\\\\\\\\\\\lat\\
=FMT  \\$a  MU
=019  d\$afa20780053
=040  \\$aUk$beng$cUk
=041  \\$alat$glat
=042  \\$aukblsr
=082  14$a780$215
=245  00$aSacrarum cantionum (vulgo hodie moteta vocant) quinque et sex vocum :$bad veram harmoniam concentumque ab optimis quibusque musicis in philomusorum gratiam compositarum.
=264  \1$aAntuerpiae :$bExcudebant Hubertus Waelrandus & Joannes Latius,$cMDLV [1555]
=300  \\$a5 part books ;$c18 x 23 cm (oblong 4º)
=336  \\$anotated music$2rdacontent
=337  \\$acomputer$2rdamedia
=338  \\$aonline$2rdacarrier
=340  \\$m4to$2rdabf
=500  \\$aCollection of motets for 5 or 6 voices; all for 5 voices apart from the last three, which are for six voices.
=500  \\$aCopy at A.103.(3.). Digitised score at http://purl.org/rism/BI/1555/7.$5Uk
=500  \\$aCopy at A.103.(3.). SVPERIVS (16 leaves); CONTRATENOR (16 leaves); TENOR (16 leaves); BASSVS (leaves); Superius, Contratenor, Tenor, Bassus: [1-2] iii-xxxj [32]; paper dimensions: 153 x 195 mm.$5Uk
=500  \\$aTitle from Superius part book.
=500  \\$aTranscribed title page from superius part book: SVPERIVS. / SACRARVM CANTION- / VM (VVLGO HODIE MOTETA VOCANT) / QVINQVE ET SEX VOCVM AD VERAM HARMONIAM / concentumque ab optimis quibusque Musi- / cis in philomusorum gratiam / compositarum. / Liber tertius. / ANTVERPIAE. / Excudebant Hubertus VVaelrandus & Ioannes Latius, / An. M. D. LV. / Cum Gratia & Priuilegio.
=500  \\$aWith a dedication to Marcus Welser of Augsberg in Latin in the tenor part book only.
=500  \\$aWith an index at the front (except for the tenor part book).
=505  0\$aDomine demo[n]strati mihi (secunda pars: Venite & eradamus eum) / Cricquillon -- Veni in hortu[m] meum (secunda pars: Comedi favum cum melle meo) / Clemens non papa -- Domine si tu es / Certon -- Pauper sum ego (secunda pars: Circundederu[n]t me canis multi) / Petit Jan de Latre -- Deus noster refugium & virtus / Petit Jan de Latre -- Tribulatio & augustia inveneru[n]t me / Nicolaus Gezin -- Assumpsit Jesus Petru[m] & Jacobum (secunda pars: Et ecce vox de nube dicens) / Clemens non papa -- Jubilate Deo omnis terra (secunda pars: Populus eius & oves pascuae eius) / A. Tubal -- Non turbetur cor vestru[m] (secunda pars: Rogabo patre[m] & alium paraclêtu[m] / Maillart -- Domine da nobis auxilium (secunda pars: Tibi subjecta sit anima mea) / Cricquillon -- Deus in adiutorium meu[m] intende (secunda pars: Ecce in tenebris sedeo) / Clemens non papa -- Quem dicu[n]t homines esse filium hominis (secunda pars: Patre diligis me qui respo[n]de[n]s ait) / Gombert.
=510  1\$aHarry B. Lincoln, The Latin Motet: Indexes to Printed Collections, 1500-1600 (Ottawa: Institute of Medieval Music, 1993).
=510  1\$aR. Weaver: Waelrant and Laet: Music Publishers in Antwerp's Golden Age (Warren, MI, 1995).
=510  4\$aR. Weaver: A Descriptive Bibliographical Catalog of the Music Printed by Hubert Waelrant and Jan de Laet (Warren, MI, 1995),$cno. 5.
=510  4\$aRISM B/I,$c1555⁷
=546  \\$aLatin words.
=650  \0$aMotets.
=700  1\$aCerton, Pierre,$d-1572,$ecomposer.
=700  1\$aClemens non Papa, Jacobus,$dapproximately 1510-approximately 1555,$ecomposer.
=700  1\$aCrecquillon, Thomas,$d-1557?,$ecomposer.
=700  1\$aDe Latre, Petit Jean,$dapproximately 1510-1569,$ecomposer.
=700  1\$aGeszin, Nicolaus,$ecomposer.
=700  1\$aGombert, Nicolas,$dactive 16th century,$ecomposer.
=700  1\$aLaet, Jean,$dapproximately 1525-approximately 1567,$eprinter.
=700  1\$aMaillard, Jean,$dactive 1538-1572,$ecomposer.
=700  1\$aTubal, Adrian,$dactive 1553-1556,$ecomposer.
=700  1\$aWaelrant, Hubert,$d1516 or 1517-1595,$eprinter.
=700  1\$aWelser, Marcus,$d1558-1614,$ededicatee.
=752  \\$aBelgium$dAntwerp.$2lcsh/naf
=856  41$uhttp://purl.org/rism/BI/1555/7$yDigitised score
=859  \\$aXLD$bDCW
=852  4\$cDRT$jDigital Store A.103.(3.)$aBritish Library$bMUSIC
=985  \\$aEarly Music Online project
=985  \\$aRecord amended for WR# 13/070
=985  \\$aname title to add
=985  \\$aCorrected by MS generated file for WR# 1805-0738
=CAT  \\$aBATCH-DCW$b00$c20171017$lBLL01$h0213
=CAT  \\$a12274$b40$c20190109$lBLL01$h1506
=CAT  \\$a1805-0738$c20190121$lBLL01$h1743
=CAT  \\$a1805-0738$b00$c20190121$lBLL01$h1745
=FIN  \\$aY$d20171017
=LKR  \\$aPAR$lBLL01$r776$b004538669$mSacrarum cantionum (vulgo hodie moteta vocant) quinque et sex vocum : ad veram harmoniam concentumque ab optimis quibusque musicis in philomusorum gratiam compositarum.$nSacrarum cantionum (vulgo hodie moteta vocant) quinque et sex vocum : ad veram harmoniam concentumque ab optimis quibusque musicis in philomusorum gratiam compositarum.
=DGM  \\$a004538669$bCatBridge variable field
=DRT  \\$aDCW
=SRC  \\$aDCW$bDCW_20171016
=OHC  \\$a1
=LAS  \\$a1805-0738$b00$c20190121$lBLL01$h1745

