=LDR  05681 cm a22008177  4500
=001  018555596
=003  Uk
=005  20190109150700.0
=007  cr\mn\024mpada
=008  930323s1556\\\\be\||z\\s\\\\\\\\\\\lat\\
=FMT  \\$a  MU
=019  d\$afa20780054
=040  \\$aUk$beng$cUk
=041  \\$alat$glat
=042  \\$aukblsr
=082  14$a780$215
=245  00$aSacrarum cantionum (vulgo hodie moteta vocant) quinque et sex vocum :$bad veram harmoniam concentumque ab optimis quibusque musicis in philomusorum gratiam compositarum.
=264  \1$aAntuerpiae :$bExcudebant Hubertus Waelrandus & Joannes Latius,$cMDLVI [1556]
=300  \\$a5 part books ;$c18 x 23 cm (oblong 4º)
=336  \\$anotated music$2rdacontent
=337  \\$acomputer$2rdamedia
=338  \\$aonline$2rdacarrier
=340  \\$m4to$2rdabf
=500  \\$aAll five-part works except for the last three motets, which are in six parts.
=500  \\$aCollection of motets in five or six parts.
=500  \\$aCopy at A.103.(4.). Digitised score at http://purl.org/rism/BI/1556/6.$5Uk
=500  \\$aCopy at A.103.(4.). SVPERIVS (16 leaves); CONTRATENOR (16 leaves); TENOR (16 leaves); BASSVS (16 leaves); Superius, Tenor: [1-3] iiij- xxv, xxv, xvij-xxxj [32] Contratenor: [1-3] iiij-xxxj [32] Bassus: [1-3] iiij [5] vj- xxxj [32]; paper dimensions: 153 x 195 mm.$5Uk
=500  \\$aThe Tenor and Bassus part books are undated.
=500  \\$aTranscribed title page from contratenor part book: CONTRATENOR. / SACRARVM CANTIO- / NVM (VVLGO HODIE MOTETA VOCANT) / QVINQVE ET SEX VOCVM , AD VERAM HARMONIAM / concentumque ab optimis quibusque Musi- / cis in philomusorum gratiam / compositarum. / Liber quartus. / ANTVERPIAE. / Excudebant Hubertus VVaelrandus & Ioannes Latius. / An. M. D. LVI. / Cum gratia & Priuilegio.
=500  \\$aWith a dedication to Guilielmo Trainer of Regensberg in Latin.
=500  \\$aWith an index printed on the title page verso.
=505  0\$aSanctus VVilhelmus amicus Dei (Quintus: Sanctus VVilhelmus gaudet in coelis) (secunda pars: Sanctus VVihelmus sydus aureum) / Speulanus -- Andreas Christi famulus (Quintus: Sanctus Andreas gaudet in coelis) (secunda pars: Vide[n]s Andreas cruce[m]) / Morales -- Ego sum panis vitae (secunda pars: Ego su[m] panis vivus; tertia pars: Glori patri et filio) / Hollandus -- Laetare anna sterilis (secunda pars: O Rosa nata e spinis Judeis) / Hauricq. -- Innueba[n]t patri ei[us] (secunda pars: Apertu[m] est os zachariae) / Clemens non Papa -- Amavit eu[m] Domin[us] (secunda pars: Induit eum Domin[us]) / Barbion -- Efficiamur Domine lignu[m] (secunda pars: Et per observantia[m] ma[n]datoru[m] / Cricquillon -- Ego dormio & cor meu[m] vigilat (secunda pars: Surrexi ut aperirem) / Canis -- Angelus D[omi]ni locutus est (secunda pars: Ecce praecedet vos in galileam) / A. Tubal -- Et veniat super me / VVaelrant -- Virgo gloriosa Cecilia virgo (secunda pars: Biduanis ac triduanis) / Baston -- Tribulationem nostram / Chastelain -- Percelebres dic mysta modos (secunda pars: Sancte fidem Christi quondam) / Clemens non Papa.
=510  1\$aHarry B. Lincoln, The Latin Motet: Indexes to Printed Collections, 1500-1600 (Ottawa: Institute of Medieval Music, 1993).
=510  1\$aR. Weaver: Waelrant and Laet: Music Publishers in Antwerp's Golden Age (Warren, MI, 1995).
=510  4\$aR. Weaver: A Descriptive Bibliographical Catalog of the Music Printed by Hubert Waelrant and Jan de Laet (Warren, MI, 1995),$cno. 9.
=510  4\$aRISM B/I,$c1556⁶
=546  \\$aLatin words.
=650  \0$aMotets.
=700  1\$aBarbion, Eustachius,$d-1556,$ecomposer.
=700  1\$aBaston, Josquin,$dactive 1542-1563,$ecomposer.
=700  1\$aCanis, Cornelius,$dapproximately 1510-1561,$ecomposer.
=700  1\$aChastelain, Charles,$dapproximately 1490-1578,$ecomposer.
=700  1\$aClemens non Papa, Jacobus,$dapproximately 1510-approximately 1555,$ecomposer.
=700  1\$aCrecquillon, Thomas,$d-1557?,$ecomposer.
=700  1\$aHavericq, Damien,$dactive 1538-1556,$ecomposer.
=700  1\$aHollander, Christian,$dapproximately 1510-1568 or 1569,$ecomposer.
=700  1\$aLaet, Jean,$dapproximately 1525-approximately 1567,$eprinter.
=700  1\$aMorales, Cristóbal de,$dapproximately 1500-1553,$ecomposer.
=700  1\$aSpeilier, Petrus,$ecomposer.
=700  1\$aTrainer, Guilielmo$cof Regensberg,$ededicatee.
=700  1\$aTubal, Adrian,$dactive 1553-6,$ecomposer.
=700  1\$aWaelrant, Hubert,$d1516 or 1517-1595,$eprinter and composer.
=752  \\$aBelgium$dAntwerp.$2lcsh/naf
=856  41$uhttp://purl.org/rism/BI/1556/6$yDigitised score
=859  \\$aXLD$bDCW
=852  4\$cDRT$jDigital Store A.103.(4.)$aBritish Library$bMUSIC
=985  \\$aEarly Music Online project
=985  \\$aRecord amended for WR# 13/070
=985  \\$aname title to add
=985  \\$aCorrected by MS generated file for WR# 1805-0738
=CAT  \\$aBATCH-DCW$b00$c20171017$lBLL01$h0213
=CAT  \\$a12274$b40$c20190109$lBLL01$h1507
=CAT  \\$a1805-0738$c20190121$lBLL01$h1743
=CAT  \\$a1805-0738$b00$c20190121$lBLL01$h1745
=FIN  \\$aY$d20171017
=LKR  \\$aPAR$lBLL01$r776$b004538670$mSacrarum cantionum (vulgo hodie moteta vocant) quinque et sex vocum : ad veram harmoniam concentumque ab optimis quibusque musicis in philomusorum gratiam compositarum.$nSacrarum cantionum (vulgo hodie moteta vocant) quinque et sex vocum : ad veram harmoniam concentumque ab optimis quibusque musicis in philomusorum gratiam compositarum.
=DGM  \\$a004538670$bCatBridge variable field
=DRT  \\$aDCW
=SRC  \\$aDCW$bDCW_20171016
=OHC  \\$a1
=LAS  \\$a1805-0738$b00$c20190121$lBLL01$h1745

