=LDR  05295 cm a22007097  4500
=001  018555597
=003  Uk
=005  20171017021308.0
=007  cr\mn\024mpada
=008  930323s1556\\\\be\||z\\s\\\\\\\\\\\lat\\
=FMT  \\$a  MU
=019  d\$afa20780057
=040  \\$aUk$beng$cUk
=042  \\$aukblsr
=082  14$a780$215
=245  00$aSacrarum cantionum (vulgo hodie moteta vocant) quatuor vocum.$nLiber primus :$bab veram harmoniam concentumque ab optimis, quibusque musicis in philomusorum gratiam compositarum.
=264  \1$aAntuerpiae :$bExcudebant Hubertus Waelrandus & Joannes Latius,$c[1556]
=300  \\$a4 part books ;$c18 x 23 cm (oblong 4º)
=336  \\$anotated music$2rdacontent
=337  \\$acomputer$2rdamedia
=338  \\$aonline$2rdacarrier
=340  \\$m4to$2rdabf
=500  \\$aCollection of motets in four parts (SATB).
=500  \\$aCopy at A.103.a.(1.). CONTRATENOR (16 leaves), TENOR (16 leaves), BASSVS (16 leaves); original pagination: Contratenor, Tenor, Bassus: [1-2] iii [4] v [6] vij-viij [9] x [11] xij [13] xiiij [15] xvi [17] xviij [19] xx [21-22] xxiij-xxiiij [25-26] xxvij [28] xxix [30] xxxi [32]; paper dimensions: 154 x 200 mm.$5Uk
=500  \\$aCopy at A.103.a.(1.). Digitised score at http://purl.org/rism/BI/1556/4.$5Uk
=500  \\$aTranscribed title page from contratenor part book: CONTRATENOR / SACRARVM CANTIO- / NVM (VVLGO HODIE MOTETA VOCANT) / QVATVOR VOCVM, AB VERAM HARMONIAM / concentumque ab optimis, quibusque Musi - / cis in philomusorum gratiam / compositarum. / Liber primus. / ANTVERPAE / Excudebant Hubertus VVaelrandus & / Ioannes Latius. / Cum gratia & Priuilegio.
=500  \\$aWith table of contents.
=500  \\$a'Dum praeliaretur Michael archangleus' is attributed to Clemens non Papa in RISM B/I,1564 ⁵ and 'Delectare in domino' is attributed to Josquin Baston in RISM B/I,1545 ².
=505  0\$aDescendit Angelus domini (secunda pars: Ecce Elizabeth uxor tua) / Clemens non Papa -- Virgines prudentes ornate lampades (secunda pars: Media autem nocte clamor factus est) / Clemens non Papa -- Videntes autem stella / Vvaelrant -- In nomine Jesu omni genuflectatur / Hollandus -- Recumbentibus undecim discipulis (secunda pars: Qui crediderit & Babtizatus fuerit) / Vvaelrant -- Tristis est anima mea (secunda pars: Vigilate & orate mecum) / A Tubal -- Venit ergo rex die septimo / Clemens non Papa -- Dominue Deus pater omnipotens (secunda pars: Esto mihi refugium & virtus) / Lesclefin -- Tu es Petrus & super hanc petra[m] (secunda pars: Ego pro te rogavi Petre) / Clemens non Papa -- Domine pater & Deus vitae meae (secunda pars: Non veniat mihi pes superbis) / Cricquillon -- Delectare in domino & dabit tibi petitiones / Incertus autor -- Filiae Jerusalem nolite flere (secunda pars: Tunc incipient dicere montibus) / Clemens non Papa -- Peccante[m] in me quotidie (secunda pars: De profundis clamavi ad te domine) / Bracquet -- Dum praeliaretur Michael archa[n]gleus (secunda pars: Dum co[m]mitteret bellu[m] draco) / Hauricque (index and above score in Tenor and Bassus) or Clemens non papa (above score in contratenor) -- Vidi Jerusale[m] descendente[m] de caelo / Clemens non papa.
=510  1\$aHarry B. Lincoln, The Latin Motet: Indexes to Printed Collections, 1500-1600 (Ottawa: Institute of Medieval Music, 1993).
=510  4\$aR. Weaver: A Descriptive Bibliographical Catalog of the Music Printed by Hubert Waelrant and Jan de Laet (Warren, MI, 1995),$cNo. 10
=510  4\$aRISM B/I,$c1556 ⁴
=546  \\$aLatin words.
=650  \0$aMotets.
=700  1\$aBaston, Josquin,$dactive 1542-1563,$ecomposer.
=700  1\$aBracquet, Gilles,$dactive 1551-9,$ecomposer.
=700  1\$aClemens non Papa, Jacobus,$dapproximately 1510-approximately 1555,$ecomposer.
=700  1\$aCrecquillon, Thomas,$d-1557?,$ecomposer.
=700  1\$aHavericq, Damien,$dactive 1538-1556,$ecomposer.
=700  1\$aHollandus,$ecomposer.
=700  1\$aLaet, Jean,$dapproximately 1525-approximately 1567,$eprinter.
=700  1\$aLesclefin,$ecomposer.
=700  1\$aTubal, Adrian,$dactive 1553-6,$ecomposer.
=700  1\$aWaelrant, Hubert,$d1516 or 1517-1595,$eprinter and composer.
=752  \\$aBelgium$dAntwerp.$2lcsh/naf
=856  41$uhttp://purl.org/rism/BI/1556/4$yDigitised score
=859  \\$aXLD$bDCW
=852  4\$cDRT$jDigital Store A.103.a.(1.)$aBritish Library$bMUSIC
=985  \\$aEarly Music Online project
=985  \\$aRecord amended for WR# 13/070
=985  \\$aname title to add
=985  \\$aCorrected by MS generated file for WR# 1805-0738
=CAT  \\$aBATCH-DCW$b00$c20171017$lBLL01$h0213
=CAT  \\$a1805-0738$c20190111$lBLL01$h1805
=CAT  \\$a1805-0738$b00$c20190111$lBLL01$h1827
=FIN  \\$aY$d20171017
=LKR  \\$aPAR$lBLL01$r776$b004538673$mSacrarum cantionum (vulgo hodie moteta vocant) quatuor vocum. ab veram harmoniam concentumque ab optimis, quibusque musicis in philomusorum gratiam compositarum.$nSacrarum cantionum (vulgo hodie moteta vocant) quatuor vocum. ab veram harmoniam concentumque ab optimis, quibusque musicis in philomusorum gratiam compositarum.
=DGM  \\$a004538673$bCatBridge variable field
=DRT  \\$aDCW
=SRC  \\$aDCW$bDCW_20171016
=OHC  \\$a1
=LAS  \\$a1805-0738$b00$c20190111$lBLL01$h1827

