=LDR  05126 cm a22006977  4500
=001  018555598
=003  Uk
=005  20190109150722.0
=007  cr\mn\024mpada
=008  930323s1556\\\\be\||z\\s\\\\\\\\\\\lat\\
=FMT  \\$a  MU
=019  d\$afa20780058
=040  \\$aUk$beng$cUk
=042  \\$aukblsr
=082  14$a780$215
=245  00$aSacrarum cantionum (vulgo hodie moteta vocant) quatuor vocum.$nLiber secundus :$bad veram hermoniam concentumque ab optimis, quibusque musicis, in philomusorum gratiam compositarum.
=264  \1$aAntuerpiae :$bExcudebat Hubertus Waelrandus & Ioannes Latius,$c[1556]
=300  \\$a4 part books ;$c18 x 23 cm (oblong 4º)
=336  \\$anotated music$2rdacontent
=337  \\$acomputer$2rdamedia
=338  \\$aonline$2rdacarrier
=340  \\$m4to$2rdabf
=500  \\$aCollection of motets in four parts (SATB).
=500  \\$aCopy at A.103.a.(2.). CONTRATENOR (16 leaves), TENOR (16 leaves), BASSVS (16 leaves); original pagination: Contratenor, Bassus: [1-2] iii [4] v-vi [7] viij [9-11] xij [13] xiiij [15] xvi [17] xviij [19 -20] xxi [22] xxiij [24] xxv [26] xxvij [28] xxix [30-32] Tenor: [1-2] iii [4] v-vi [7] viij [9-11] xij [13] iiij [15] xvi [17] xviij [19 -20] xxi [22] xxiij [24] xxv [26] xxvij [28] xxix [30-32]; paper dimensions: 154 x 200 mm.$5Uk
=500  \\$aCopy at A.103.a.(2.). Digitised score at http://purl.org/rism/BI/1556/5.$5Uk
=500  \\$aTranscribed title page from contratenor part book: CONTRATENOR / SACRARVM CANTIO- / NVM (VULGO HODIE MOTETA / vocant)Quatuor Vocum,ad veram Hermoniam concentumque / ab optimis, quibusque Musicis, in philomusorum / gratiam compositarum. / Liber secundus. / ANTVERPIAE. / Excudebat Hubertus VVaelrandus & / Ioannes Latius. / Cum gratia & Priuilegio.
=500  \\$aWith table of contents.
=505  0\$aBeata es virgo Maria (secunda pars: Ave maria gratia plena) / Clemens non papa -- Si peccaverit in te frater tuus / Vuaelrant -- Factus est repentè de coelo sonus / [Thomas Crecquillon] -- Peccavi super numerum arenae maris (secunda pars: Quoniam iniquitate[m]) / Petit Jan -- Ego sum panis vius qui de coelo descendi (secunda pars: Et panis quem ego dabo) / A. Tubal -- Advenit ignis divinus non co[m]burens (secunda pars: Invenit eos Dominus concordes charitate) -- Ave virgo prudentissima (Secunda pars: Quae est ista quae progreditur) / Manchicourt -- Domine Deus exercituum (secunda pars: Salva nos de manibus inimicorum nostrum) / Cricquillon -- Venit fortior me post me (secunda pars: Et statim ascendens de aqua) / Vualerant -- Impulsus eversus sum ut cadere[m] (secunda pars: Castiga[n]s castigavit me Dominus) / Clemens non papa -- Impetum inimicorum ne timueritis (secunda pars: Mementote mirabilium eius) / Hauricq -- Quis Deus magnus sicut De[us] noster (secunda pars: Laus & peren[n]is gloria deo patri) / Clemens non papa -- Timor & tremor venerunt super me (secunda pars: Ecce elongavi fugiens) / Chastelain.
=510  1\$aHarry B. Lincoln, The Latin Motet: Indexes to Printed Collections, 1500-1600 (Ottawa: Institute of Medieval Music, 1993).
=510  4\$aR. Weaver: A Descriptive Bibliographical Catalog of the Music Printed by Hubert Waelrant and Jan de Laet (Warren, MI, 1995),$cNo. 13
=510  4\$aRISM B/I,$c1556⁵
=546  \\$aLatin words.
=650  \0$aMotets.
=700  1\$aChastelain, Charles,$dapproximately 1490-1578,$ecomposer.
=700  1\$aClemens non Papa, Jacobus,$dapproximately 1510-approximately 1555,$ecomposer.
=700  1\$aCrecquillon, Thomas,$d-1557?,$ecomposer.
=700  1\$aDe Latre, Petit Jean,$dapproximately 1510-1569,$ecomposer.
=700  1\$aHavericq, Damien,$dactive 1538-1556,$ecomposer.
=700  1\$aLaet, Jean,$dapproximately 1525-approximately 1567,$eprinter.
=700  1\$aManchicourt, Pierre de,$dapproximately 1510-1564,$ecomposer.
=700  1\$aTubal, Adrian,$dactive 1553-6,$ecomposer.
=700  1\$aWaelrant, Hubert,$d1516 or 1517-1595,$eprinter and composer.
=752  \\$aBelgium$dAntwerp.$2lcsh/naf
=856  41$uhttp://purl.org/rism/BI/1556/5$yDigitised score
=859  \\$aXLD$bDCW
=852  4\$cDRT$jDigital Store A.103.a.(2.)$aBritish Library$bMUSIC
=985  \\$aEarly Music Online project
=985  \\$aRecord amended for WR# 13/070
=985  \\$aname title to add
=985  \\$aCorrected by MS generated file for WR# 1805-0738
=CAT  \\$aBATCH-DCW$b00$c20171017$lBLL01$h0213
=CAT  \\$a12274$b40$c20190109$lBLL01$h1507
=CAT  \\$a1805-0738$c20190121$lBLL01$h1743
=CAT  \\$a1805-0738$b00$c20190121$lBLL01$h1745
=FIN  \\$aY$d20171017
=LKR  \\$aPAR$lBLL01$r776$b004538674$mSacrarum cantionum (vulgo hodie moteta vocant) quatuor vocum. ad veram hermoniam concentumque ab optimis, quibusque musicis, in philomusorum gratiam compositarum.$nSacrarum cantionum (vulgo hodie moteta vocant) quatuor vocum. ad veram hermoniam concentumque ab optimis, quibusque musicis, in philomusorum gratiam compositarum.
=DGM  \\$a004538674$bCatBridge variable field
=DRT  \\$aDCW
=SRC  \\$aDCW$bDCW_20171016
=OHC  \\$a1
=LAS  \\$a1805-0738$b00$c20190121$lBLL01$h1745

