=LDR  08940 cm a22009377  4500
=001  018555599
=003  Uk
=005  20190109150748.0
=007  cr\mn\024mpada
=008  930323s1556\\\\gw\||z\\s\\\\\\\\\\\lat\\
=FMT  \\$a  MU
=019  d\$afa20780072
=040  \\$aUk$beng$cUk
=042  \\$aukblsr
=082  14$a780$215
=245  00$aSextus tomus evangeliorum, et piarum sententiarum :$bquatuor, sex, et octo vocum : continens historias & doctrinam, quae in ecclesia proponi solet, de poenitentia.
=246  1\$iTitle on discantus, altus, bassus and vagans part books:$aIn sexto tomo evangeliorum
=264  \1$aNoribergae :$bApud Joannem Montanum, et Ulricum Neuberum,$c[1556]
=300  \\$a5 part books ;$c15 x 20 cm (oblong 4º)
=336  \\$anotated music$2rdacontent
=337  \\$acomputer$2rdamedia
=338  \\$aonline$2rdacarrier
=340  \\$m4to$2rdabf
=500  \\$aCollection of penitential motets in 4-8 parts; the first 34 for 4 voices, the next ten for 6 voices and the last motet for 8 voices.
=500  \\$aCopy at A.19. Digitised score at http://purl.org/rism/BI/1556/9.$5Uk
=500  \\$aCopy at A.19. TENOR (59 leaves); paper dimensions: 133 x 183 mm.$5Uk
=500  \\$aFor the secunda pars of Moralis's 'Veni Domine', the Tenor part has no music, but the instruction: 'pro secunda parte prima pars rursus cantabitur'.
=500  \\$aThe date "1546" appears on the woodcut enclosing the word Tenor: this is the date of the cut and occurs in other books.
=500  \\$aThe eight-voice 'Pater Peccavi' attributed to Clemens non Papa in this source is in earlier sources attibuted to Thomas Crecquillon.
=500  \\$aTitle from the Tenor part book.
=500  \\$aTranscribed title on Discantus, Altus, Bassus and Vagans part books: IN SEXTO TO- / MO EVANGELIORVM.
=500  \\$aTranscribed title page from Tenor part book: SEXTVS / TOMVS EVANGELIORVM, / ET PIARVM SENTENTIARVM. / QVATVOR, SEX, ET OCTO VOCVM. / Continens historias & doctrinam, quae / in Ecclesia proponi solet: / DE POENITENTIA. / TENOR. / NORIBERGAE APVD IOANNEM MONTANVM, / ET VLRICVM NEVBERVM.
=500  \\$aWith table of contents.
=505  0\$aContristamur Domine & jam in amaritudine / Andreas de Silva -- Immutemur habitu in cinere (secunda pars: Juxta vestibulum & altare / Moralis Hispanus -- Reminiscere miserationum tuarum / Gombert -- Omnia quae fecisti nobis Domine (secunda pars: Oculi omnium in te sperant) / D. Joannis Jacobi Lucarij -- Confitemur delicta nostra (secunda pars: Salva nos Domine Deus noster) / Nicolaus Payeu -- Vide Domine, quoniam tribulor (secunda pars: Quis dabit capiti meo aquam) / Clemens non Papa -- Ego Dominus hoc est nomen meum (secunda pars: Venite ergo ad me omnes qui laboratis) / Petrus Massenus -- Tribulationes civitatum audivimus / Clemens nomen Papa -- Domine Deus salutis, quid opponam nescio (secunda pars: Confige ergo pater consolationis) / Nicolaus Payen -- Convertimini ad me in toto corde vestro (secunda pars: Derelinquat impius viam suam) / Nicolaus Payen -- O Bone Jesu salvator mundi / Petrus Massenus -- Infelix ego omnium auxilio (secunda pars: Ad te igitur pijßime Deus) / Adrianus Vuillart -- O Domine multi dicunt animae meae / Clemens non Papa -- Media vita in morte sumus / N. Gombert -- O Domine Jesu Christe adoro te in cruce (secunda pars: O Domine Jesu Christe, adoro te in sepulchro) / Gombert -- Sustinuimus pacem & non venit (secunda pars: Peccavimus impie egimus) / Dominicus Finot -- Cerne meos ergo gemitus (secunda pars: Non licet afflictas dißimulare preces) / Dominicus Finot -- Veni Domine & noil tardare (secunda pars: [Veni ad librandum nos]) / Moralis Hispanus -- Sustinuimus pacem & no[n] venit (secunda pars: Nos alium Deum nescimus) / Petrus Manchicourt -- Domine Deus omnipotens tu no[n] posuisti (secunda pars: Confiteor me peccasse) / Thomas Crecquillon -- Deus in adiutorium meum intende (secunda pars: Ecce in tenebris sedeo) / Clemens non Papa -- Pater peccavi in coelu[m] (secunda pars: Quanti mercenarij in domo patris mei) / Clemens non Papa.
=505  0\$aPater peccavi in coelum (secunda pars: Quanti mercenarij in domo patris mei) / Petrus Manchicourt -- Pater peccavi in coelum (secunda pars: Quanti mercenarij in domo patris mei) / Adrianus Willart -- Domine peccavi iniquitatem meam / Petrus Manchicourt -- Heu me Domine, quia peccavi nimis (secunda pars: Anima mea turbata est valde) / Jam Lestainvier -- Heu mihi Domine, quia peccavi nimis (secunda pars: Anima mea turbata est valde) / Clemens non Papa -- Erravi sicut ovis quae perijt (secunda pars: Delicta in ventutis meae) / Clemens non Papa -- O Bone Jesu ô dulcissime Jesu (secunda pars: [Quod enim es Jesu] Nisi salvator) / Cornelius Canis -- Exaudi Domine orationem meam (secunda pars: Contristatus sum in cogitatione mea; tertia pars: Deduc me D[omi]ne as portu[m] salutis) / Clemens non Papa -- Peccantem me & non poenitentem (secunda pars: Deus in nomine tuo salvum me fac) / Benedictus -- Peccantem me quotidie (Secunda pars: Deus in nomine tuo salvum me fac) / Johan Gero: -- Tristitia et anxietas (secunda pars: Sed tu Domine qui no[n] derelinquis) / Clemens non Papa -- Tristitia obsedit me (secunda pars: Quid igitur faciam) / Clemens non Papa -- Spem in alium nunquam habui / Jachet -- Cognoscimus Domine, quia peccavimus tibi (secunda pars: Vita nostra in dolore suspirat) / Thomas Crequilon -- Cerne meos ergo gemitus / Mestre Jehan -- Domine ne longe facias à me (secunda pars: Deus meus quare me dereliquisti) / Simon Boyleau -- Domine Jesu Christe, respicere digneris / Clemens non Papa -- Domine Jesu Christe: Memento (secunda pars: Et concede mihi omnipotens) / Adrianus Willart -- Domine adiuva me & salvus ero (secunda pars: Et si commisi unde me) / Petit Ian de Latere -- Domine non secundum peccata nostra (secunda pars: Quare memento nostri Domine) / Gombert -- Domine non secundu[m] peccata nostra (secunda pars: Adiuva nos Deus salutaris noster) / M. Jaques Buus --
=510  1\$aHarry B. Lincoln, The Latin Motet: Indexes to Printed Collections, 1500-1600 (Ottawa: Institute of Medieval Music, 1993).
=510  4\$aRISM B/I,$c1556⁹
=510  4\$aS. Jackson, Berg and Neuber: Music Printers in Sixteenth-Century Nuremberg (diss., CUNY, 1998),$cNo.52.
=546  \\$aLatin words.
=650  \0$aMotets.
=700  0\$aJacquet,$cof Mantua,$d1483-1559,$ecomposer.
=700  0\$aMaistre Jhan,$dapproximately 1485-1538,$ecomposer.
=700  1\$aAppenzeller, Benedictus,$dactive 16th century,$ecomposer.
=700  1\$aBoyleau, Simon,$dactive 1544-1586,$ecomposer.
=700  1\$aBuus, Giacques,$d-1565,$ecomposer.
=700  1\$aCanis, Cornelius,$dapproximately 1510-1561,$ecomposer.
=700  1\$aClemens non Papa, Jacobus,$dapproximately 1510-approximately 1555,$ecomposer.
=700  1\$aCrecquillon, Thomas,$d-1557?,$ecomposer.
=700  1\$aDe Latre, Petit Jean,$dapproximately 1510-1569,$ecomposer.
=700  1\$aDe Silva, Andreas,$dactive 1510-1530,$ecomposer.
=700  1\$aGero, Ihan,$dactive 1540-1555,$ecomposer.
=700  1\$aGombert, Nicolas,$dactive 16th century,$ecomposer.
=700  1\$aLestainnier, Jan,$ecomposer.
=700  1\$aLucario, Giovanni Giacomo,$ecomposer.
=700  1\$aMaessins, Pieter,$dapproximately 1505-1562,$ecomposer.
=700  1\$aManchicourt, Pierre de,$dapproximately 1510-1564,$ecomposer.
=700  1\$aMorales, Cristóbal de,$dapproximately 1500-1553,$ecomposer.
=700  1\$aNeuber, Ulrich,$d-1571,$eprinter.
=700  1\$aPayen, Nicolas,$dapproximately 1512-approximately 1559,$ecomposer.
=700  1\$aPhinot, Dominique,$dapproximately 1510-approximately 1555,$ecomposer.
=700  1\$aVom Berg, Johann,$d-1563,$eprinter.
=700  1\$aWillaert, Adrian,$d1490?-1562,$ecomposer.
=752  \\$aGermany$dNuremberg.$2lcsh/naf
=856  41$uhttp://purl.org/rism/BI/1556/9$yDigitised score
=859  \\$aXLD$bDCW
=852  4\$cDRT$jDigital Store A.19.$aBritish Library$bMUSIC
=985  \\$aEarly Music Online project
=985  \\$aRecord amended for WR# 13/070
=985  \\$aname title to add
=985  \\$aCorrected by MS generated file for WR# 1805-0738
=CAT  \\$aBATCH-DCW$b00$c20171017$lBLL01$h0213
=CAT  \\$a12274$b40$c20190109$lBLL01$h1507
=CAT  \\$a1805-0738$c20190121$lBLL01$h1743
=CAT  \\$a1805-0738$b00$c20190121$lBLL01$h1745
=FIN  \\$aY$d20171017
=LKR  \\$aPAR$lBLL01$r776$b004538687$mSextus tomus evangeliorum, et piarum sententiarum : quatuor, sex, et octo vocum : continens historias & doctrinam, quae in ecclesia proponi solet, de poenitentia.$nSextus tomus evangeliorum, et piarum sententiarum : quatuor, sex, et octo vocum : continens historias & doctrinam, quae in ecclesia proponi solet, de poenitentia.
=DGM  \\$a004538687$bCatBridge variable field
=DRT  \\$aDCW
=SRC  \\$aDCW$bDCW_20171016
=OHC  \\$a1
=LAS  \\$a1805-0738$b00$c20190121$lBLL01$h1745

