=LDR  04266 cm a22006497  4500
=001  018555600
=003  Uk
=005  20190109150806.0
=007  cr\mn\024mpada
=008  930325s1566\\\\it\||z\\s\\\\\\\\\\\ita\\
=FMT  \\$a  MU
=019  d\$afh05960001
=040  \\$aUk$beng$cUk
=041  \\$aita
=042  \\$aukblsr
=082  14$a780$215
=130  0\$aCanzone napolitane a tre voci,$nlibro 1
=245  13$aIl primo libro de canzone napolitane a tre voci /$cdi Jo. Leonardo Primavera. Con alcune Napolitane di Jo. Leonardo di l'arpa, novamente da lui composte & dato in luce.
=264  \1$aIn Vinegia :$bappresso Girolamo Scotto,$cMDLXVI [1566]
=300  \\$a3 part books ;$c16 x 11 cm (8º)
=336  \\$anotated music$2rdacontent
=337  \\$acomputer$2rdamedia
=338  \\$aonline$2rdacarrier
=340  \\$m8vo$2rdabf
=500  \\$aA collection of three-part Neapolitan canzonas.
=500  \\$aCopy at A.194. Canto (16 leaves), Basso (16 leaves); Canto: [1], 2-31, [32] p. Basso: [1], 2-31, [32] p.; paper dimensions: Canto: 145 x 102 mm, Basso: 158 x 104 mm.$5Uk
=500  \\$aCopy at A.194. Digitised score at http://purl.org/rism/BI/1566/14.$5Uk
=500  \\$aTranscribed title page from canto part book: IL PRIMO LIBRO / DE CANZONE NAPOLITANE / A TRE VOCI, / Di Io. Leonardo Primauera. / CON ALCVNE NAPOLITANE / di Io. Leonardo di L'arpa, Nouamente da / lui composte & dato in luce. / IN VINEGIA M D LXVI. / Appresso Girolamo Scotto.
=500  \\$aWith table of contents at the back.
=505  0\$aTurco Giudeo ne Moro / Primavera -- Ardenti miei sospiri / Primavera -- Ardo moro languisco / Primavera -- Donne leggiadr'e voi vaghe donzelle / Primavera -- Deh lasciatemi stare tanti pensieri -- Bellezza ch'empi'il ciel di maraviglia / Jo. Leonardo de L'arpa -- Sento tal foco e fiamma / Primavera -- Mille volte dicia / Primavera -- Dormendo mi sonniava / Gio. Leonardo -- Dapoi che tu crudel mi desti morte / Primavera -- Dolc'amorose e leggiadrette ninfe -- Questa donna crudel / Primavera -- Amor lasciami stare / Gio. Leonardo di L'arpa -- Si havessi tantillo di speranza / Rinaldo Burno -- Tre donne belle fanno gran battaglia / Primavera -- Se di lunga mi trovo vita mia / Primavera -- Miracolo non è se voi legati a me -- Sempr'ho fuggito amore / Primavera -- E di quanto bene das to mondo uscivi -- Donna glie ben raggione / Primavera -- Un temp'ogn'hor piangeva / De L'arpa -- Lucretia gentil Lucretia bella / De L'arpa -- Viver amando e morir disperato / Carlo Tetis -- Quando vidi madonna'i bei vostr'occhi / Primavera -- Tanti migliara di pen'e martire / De L'arpa -- Villanella ch'all'acqua vai -- Meraviglia non è s'io fui ferito / Primavera -- Anno raggion'affe queste citelle / Primavera -- All'arme o fidi mei pensieri / Primavera -- Correte o scuri amanti correte tutti quanti / Primavera.
=510  4\$aJane A Bernstein, Music printing in Renaissance Venice: The Scotto Press (1539-1572) (New York: Oxford University Press, 1998),$cno. 272.
=510  4\$aRISM B/I,$c1566¹⁴
=546  \\$aItalian words.
=650  \0$aVillanelle (Part songs)$vParts.
=700  0\$aGian Leonardo,$cdell'Arpa,$dapproximately 1525-1602,$ecomposer.
=700  1\$aBurno, Rinaldo,$dactive 1540-1570,$ecomposer.
=700  1\$aScotto, Girolamo,$eprinter.
=700  1\$aTetis, Carlo,$ecomposer.
=752  \\$aItaly$dVenice.$2lcsh/naf
=856  41$uhttp://purl.org/rism/BI/1566/14$yDigitised score
=859  \\$aXLD$bDCW
=852  4\$cDRT$jDigital Store A.194.$aBritish Library$bMUSIC
=985  \\$aEarly Music Online project
=985  \\$aRecord amended for WR# 13/070
=985  \\$aname title to add
=985  \\$aCorrected by MS generated file for WR# 1805-0738
=CAT  \\$aBATCH-DCW$b00$c20171017$lBLL01$h0213
=CAT  \\$a12274$b40$c20190109$lBLL01$h1508
=CAT  \\$a1805-0738$c20190121$lBLL01$h1743
=CAT  \\$a1805-0738$b00$c20190121$lBLL01$h1745
=FIN  \\$aY$d20171017
=LKR  \\$aPAR$lBLL01$r776$b004590331$mIl primo libro de canzone napolitane a tre voci /$nIl primo libro de canzone napolitane a tre voci /
=DGM  \\$a004590331$bCatBridge variable field
=DRT  \\$aDCW
=SRC  \\$aDCW$bDCW_20171016
=OHC  \\$a1
=LAS  \\$a1805-0738$b00$c20190121$lBLL01$h1745

