=LDR  05976 cm a22010217  4500
=001  018555601
=003  Uk
=005  20190109153814.0
=007  cr\mn\024mpada
=008  930325s1570\\\\it\||z\\s\\\\\\\\\\\ita\\
=FMT  \\$a  MU
=019  d\$afj05530002
=040  \\$aUk$beng$cUk
=041  \\$aita$gita
=042  \\$aukblsr
=082  14$a780$215
=130  0\$aRaccolta di Napolitane à tre voci,$nlibro 1
=245  13$aIl primo libro della raccolta di Napolitane à tre voci /$cdi diversi eccellentissimi musici, nuovamente composto, & datto in luce.
=260  \\$aIn Vinegia :$bAppresso Girolamo Scotto,$cMDLXX [1570].
=300  \\$a3 part books ;$c16 x 11 cm (8o)
=336  \\$anotated music$2rdacontent
=337  \\$acomputer$2rdamedia
=338  \\$aonline$2rdacarrier
=500  \\$aCollection of canzoni alla napolitana in three parts (STB), with table of contents in alphabetical order.
=500  \\$aCopy at A.277.(1.). Canto (16 leaves); original pagination: [1-2], 3-31, [32] p.; paper dimensions: 152 x 102 mm.$5Uk
=500  \\$aCopy at A.277.(1.). Digitised score at http://purl.org/rism/BI/1570/19.$5Uk
=500  \\$aTranscribed title page from canto part book: IL PRIMO LIBRO / DELLA RACCOLTA / DI NAPOLITANE / à tre voci, / Di diuersi Eccellentißimi Musici, / Nuouamente composto, & datto in luce. / IN VINEGIA, / APPRESSO GIROLAMO SCOTTO. / M D LXX.
=505  0\$aPer miei prieghi si moss'amor un giorno / Meo Fior. -- S'io dormo haggio gra[n] male / Meo Fioren. -- Non è cosa ch'io miri -- Poi che pietà non trov'al mio gra[n] male / Ansel. Peru. -- Quando quel tuo bel sguard'in me rivolgi / Archan. da Reggio -- Resta resta cor mio d'amar costei / Ghinolfo Dattarri -- Tant'era dolce'il pia[n]to / Archan. da Reg. -- Cangia pensier' hormai crudel signora / Bartho. Castell. -- M'e nemico lo cielo / Ans. Per. -- Se scior si ved'il laccio che mi strinse -- Amor poca pietà lasso tu m'hai / Ans. Peru. -- Non son nei vaghi prati tanti fiori / Bart. da Ravena -- Ethna non è si ardent'o'il gra[n] vulcano / Ascanio Bolognese -- Temo piu donn'il vostr'aspett'altero / Del medesimo -- Temo sol di morire / Del medesimo -- Se vi potess'apert'il cor mostrare / Del medesimo -- Vien meco Progne vieni'a lamentarti / Ans. Peru. -- Fuggi pur o nuov'e cruda voglia / Del l'istesso -- Haggio fin quì patito gra[n] tormento / Marc'Ant. Romano -- La state prim'havrà pruine e ghiaccio / Ansel. Peru. -- Amor co[n] ogn'imper'e gra[n] possanza / Fra[n]zosino -- Para pur qua[n]to voi saett'e strali / Zolini Bol. -- Date la vel'al vento ò pensier miei -- Sola mi fai languire / Asca. Bolo. -- Sa ch'io v'am'ogni sera / Meo Fior. -- Forz'è lasso ch'io mora / Fiesco -- Quando tal hor di voi ci fate degni / Ans. Per. -- Gettarà prim'amor l'arc'e gli strali / Ansel. Per. -- Credimi vita mia credimi questo / Essenga.
=510  4\$aJ. Bernstein: Music Printing in Renaissance Venice: The Scotto Press, 1539-72 (New York, 1998),$cno. 361.
=546  \\$aItalian words.
=650  \0$aVillanelle (Part songs)$vParts.
=700  1\$aAlberti, Vicentio,$ededicatee.
=700  1\$aAldrobandini, Pietro,$ededicatee.
=700  1\$aAmaduci, Horatio,$ededicatee.
=700  1\$aBolognese, Zolini,$ecomposer.
=700  1\$aBorghesani, Astor,$ededicatee.
=700  1\$aBò, Fulvio dal,$ededicatee.
=700  1\$aBrochi, Giacomo,$ededicatee.
=700  1\$aButrighelli, Domenico,$ededicatee.
=700  1\$aCampeggi, Giacomo,$ededicatee.
=700  1\$aCastellini, Bartolomeo,$ecomposer.
=700  1\$aCorno, Costantino dal,$ededicatee.
=700  1\$aCorrelli da Ravenna, Giovanni Paolo,$ededicatee.
=700  1\$aDattari, Ghinolfo,$d-1617,$ecomposer.
=700  1\$aEssenga, Salvatore,$d-1575,$ecomposer.
=700  1\$aFiesco, Giulio,$dapproximately 1519-approximately 1586,$ecomposer.
=700  1\$aFiorentino, Meo,$ecomposer.
=700  1\$aFranzosino, Bernardino,$ecomposer.
=700  1\$aGalesio, Agostino,$ededicatee.
=700  1\$aLibranzi, Giovanni Battista,$ededicatee.
=700  1\$aLucatelli, Domenico,$ededicatee.
=700  1\$aMacchiavelli, Luca,$ededicatee.
=700  1\$aMacchiavelli, Thomaso,$ededicatee.
=700  1\$aMagnani, Matteo,$ededicatee.
=700  1\$aMalvezzi, Lodovico,$ededicatee.
=700  1\$aMangioni, Giovanni Pietro,$ededicatee.
=700  1\$aMilano, Bernardino da,$ededicatee.
=700  1\$aOrsino, Lodovico,$ededicatee.
=700  1\$aPasolini, Nicolò,$ededicatee.
=700  1\$aPassarotti, Bartolomeo,$ededicatee.
=700  1\$aPerugino, Anselmo,$ecomposer.
=700  1\$aPoggi, Cristoforo,$ededicatee.
=700  1\$aRavenna, Bartolomeo da,$ecompiler and composer.
=700  1\$aReggio, Archangelo da,$ecomposer.
=700  1\$aRodaldi, Fabritio,$ededicatee.
=700  1\$aRomano, Marc'Antonio,$ecomposer.
=700  1\$aRossi, Bernardo,$ededicatee.
=700  1\$aScappi, Giulio Cesare,$ededicatee.
=700  1\$aScotto, Girolamo,$eprinter.
=700  1\$aSpreti, Pomponio,$ededicatee.
=700  1\$aTrombetti, Ascanio,$d1544-1590,$ecomposer.
=752  \\$aItaly$dVenice.$2lcsh/naf
=856  41$uhttp://purl.org/rism/BI/1570/19$yDigitised score
=859  \\$aXLD$bDCW
=852  4\$cDRT$jDigital Store A.277.(1.)$aBritish Library$bMUSIC
=985  \\$aEarly Music Online project
=985  \\$aRecord amended for WR# 13/070
=985  \\$aname title to add
=CAT  \\$aBATCH-DCW$b00$c20171017$lBLL01$h0213
=CAT  \\$a12274$b40$c20190109$lBLL01$h1508
=CAT  \\$a12274$b40$c20190109$lBLL01$h1538
=FIN  \\$aY$d20171017
=LKR  \\$aPAR$lBLL01$r776$b004599621$mIl primo libro della raccolta di Napolitane à tre voci /$nIl primo libro della raccolta di Napolitane à tre voci /
=DGM  \\$a004599621$bCatBridge variable field
=DRT  \\$aDCW
=SRC  \\$aDCW$bDCW_20171016
=OHC  \\$a1
=LAS  \\$a12274$b40$c20190109$lBLL01$h1538

