=LDR  04841 cm a2200637 a 4500
=001  018555602
=003  Uk
=005  20190109153834.0
=007  cr\mn\024mpada
=008  930329s1557\\\\it\||z\\s\\\\\\\\\\\ita\\
=FMT  \\$a  MU
=019  d\$afm11010013
=040  \\$aUk$beng$cUk
=042  \\$aukblsr
=082  14$a780$215
=100  1\$aRuffo, Vincenzo,$dapproximately 1508-1587.
=240  10$aMadrigals,$mvoices (5),$nbook 2
=245  13$aIl secondo libro di madrigali a cinque voci /$cdi Vincentio Ruffo [e altri autori] ; novamente con ogni diligentia per Antonio Gardano ristampato a cinque voci.
=264  \1$aIn Venetia :$bApresso di Antonio Gardano,$c1557.
=300  \\$a5 part books ;$c16 x 21 cm (oblong 4º)
=336  \\$anotated music$2rdacontent
=337  \\$acomputer$2rdamedia
=338  \\$aonline$2rdacarrier
=340  \\$m4to$2rdabf
=500  \\$aCollection of Italian madrigals in five parts (SATBQ), chiefly by Vincenzo Ruffo, with additional madrigals by Giovanni Contino, Perissone Cambio and Giovanni Nasco.
=500  \\$aCopy at A.253. Cantus (16 leaves) Altus (16 leaves) Tenor (16 leaves) Bassus (16 leaves) Quintus (16 leaves); original foliation: Cantus: [i], 1-30, [31] p. Altus: [i], 1-30, [31] p. Tenor: [i], 1-30, [31] p. Bassus: [i], 1-30, [31] p. Quintus: [i], 1-30, [31] p.; paper dimensions: 152 x 206 mm.$5Uk
=500  \\$aCopy at A.253. Digitised score at http://purl.org/rism/BI/1557/25.$5Uk
=500  \\$aTranscribed title page from cantus part book: DI VINCENTIO RVFFO / IL SECONDO LIBRO DI MADRIGALI / A cinque uoci, Nouamente con ogni diligentia per / Antonio Gardano ristampato / A CINQVE VOCI / In Venetia Apresso di / Antonio Gardano. / 1557.
=500  \\$aWith table of contents at the end of each part book except the Bassus, which instead bears the emblem of the Gardano firm.
=505  0\$aQuando tall'hor il bel viso lucente (seconda parte: Dico il bel viso di colei ch'adoro) / Vincenzo Ruffo -- Udite amanti udite Un miracol d'Amore / Vincenzo Ruffo -- Qual sguardo fia giamai occhi miei lassi / Vincenzo Ruffo -- Ove son quei bei chiari raggi ardenti (seconda parte: Verde piaggie felice alme contrade) / Vincenzo Ruffo -- Poi ch'el camin m'e chiuso di mercede (seconda parte: Quella che piu non vuol che mi discioglia) / Vincenzo Ruffo -- Sdegna l'Idalio verde el dolce Gnido / Joan Contin -- Standomi un giorno sol alla fine / Perissone -- Vaghe luci sirene Da pietosi sembianti / Vincenzo Ruffo -- All'apparir d'una leggiadra fiera / Vincenzo Ruffo -- Ditemi o Diva mia / Perissone -- Treccie de bei crin d'or / Vincenzo Ruffo -- Io sento qui d'intorno Spirarmi'al volto'un'aura / Vincenzo Ruffo -- Vagh'augelletto al seggi'almo natio / Vincenzo Ruffo -- Tranquillo porto havea mostrat'Amore / Vincenzo Ruffo -- Fu ben dur'il partire / Vincenzo Ruffo -- Qual piu scontento' amante' alberga'in terra / Vincenzo Ruffo -- Amor che nel pensier mio viv'e regna (seconda parte: Ond'Amor paventoso fugge'al core) / Vincenzo Ruffo -- Occhi miei ch'a mirar fosti si pronti / Vincenzo Ruffo -- Amor poi che mi doni / Vincenzo Ruffo -- Chiara gentil'e bella La cui chiara bellezza / Vincenzo Ruffo -- Chiuso gran temp'in questo cieco legno / Vincezo Ruffo -- Luci del ciel per le qual'io ringratio la vita / Vincezo Ruffo -- Morte m'ha morto & sola puo far morte / Gioan Nasco -- Come si m'accendete se tutta ghiaccio sete / Gioan Nasco -- Non ha donna piu bella Ne piu saggia di voi Cecilia mia / Gioan Nasco.
=546  \\$aItalian words.
=650  \0$aMadrigals, Italian.
=700  1\$aCambio, Perissone,$dactive 16th century,$ecomposer.
=700  1\$aContino, Giovanni,$dapproximately 1513-approximately 1574,$ecomposer.
=700  1\$aGardane, Antonio,$d1509-1569,$eprinter.
=700  1\$aNasco, Giovanni,$dapproximately 1510-1561,$ecomposer.
=710  2\$aGardane (Firm),$eprinter.
=752  \\$aItaly$dVenice.$2lcsh/naf
=856  41$uhttp://purl.org/rism/BI/1557/25$yDigitised score
=859  \\$aXLD$bDCW
=852  4\$cDRT$jDigital Store A.253.$aBritish Library$bMUSIC
=985  \\$aRecord amended for WR# 13/070
=985  \\$aname title to add
=985  \\$aCorrected by MS generated file for WR# 1805-0738
=CAT  \\$aBATCH-DCW$b00$c20171017$lBLL01$h0213
=CAT  \\$a12274$b40$c20190109$lBLL01$h1532
=CAT  \\$a12274$b40$c20190109$lBLL01$h1538
=CAT  \\$a1805-0738$c20190121$lBLL01$h0828
=CAT  \\$a1805-0738$b00$c20190121$lBLL01$h0828
=FIN  \\$aY$d20171017
=LKR  \\$aPAR$lBLL01$r776$b004628405$mIl secondo libro di madrigali a cinque voci /$nIl secondo libro di madrigali a cinque voci /
=DGM  \\$a004628405$bCatBridge variable field
=DRT  \\$aDCW
=SRC  \\$aDCW$bDCW_20171016
=OHC  \\$a1
=LAS  \\$a1805-0738$b00$c20190121$lBLL01$h0828

