=LDR  04822 cm a22006857  4500
=001  018555603
=003  Uk
=005  20190109154236.0
=007  cr\mn\024mpada
=008  930329s1555\\\\it\||z\\s\\\\\\\\\\\ita\\
=FMT  \\$a  MU
=019  d\$afm11010014
=040  \\$aUk$beng$cUk
=041  \\$aita
=042  \\$aukblsr
=082  14$a780$215
=100  1\$aRuffo, Vincenzo,$dapproximately 1508-1587,$ecomposer.
=240  10$aMadrigals,$mvoices (5),$nbook 3
=245  13$aIl terzo libro di madrigali a cinque voci /$cdi Vicenzo Ruffo ; con la gionta di cinque madrigali del medesimo ; et di alcuni altri diversi autori, nuovamente dato in luce.
=264  \1$aIn Venetia :$bApresso di Antonio Gardane,$c[1555?]
=300  \\$a5 part books ;$c16 x 22 (oblong 4º)
=336  \\$anotated music$2rdacontent
=337  \\$acomputer$2rdamedia
=338  \\$aonline$2rdacarrier
=340  \\$m4to$2rdabf
=500  \\$aCollection of madrigals in five parts (CATB5) by Ruffo and others.
=500  \\$aCopy at A.254. Cantus (16 leaves) Altus (16 leaves) Tenor (16 leaves) Bassus (16 leaves) Quintus (16 leaves); original foliation: Cantus: [i], 1-30, [31] p. Altus: [i], 1-30, [31] p. Tenor: [i], 1-30, [31] p. Bassus: [i], 1-30, [31] p. Quintus: [i], 1-30, [31] p.; paper dimensions: 152 x 207 mm.$5Uk
=500  \\$aCopy at A.254. Digitised score at http://purl.org/rism/BI/1555/32.$5Uk
=500  \\$aTitle from Cantus part book.
=500  \\$aTranscribed title page from Cantus part book: DI VICENZO RVFFO / IL TERZO LIBRO DI MADRIGALI / A cinque uoci, Con la Gionta di Cinque Madrigali del medesimo, & di alcuni / Altri Diuersi Autori, Nuouamente dato in luce. / A CINQVE VOCI / In Venetia Apresso di / Antonio Gardane.
=500  \\$aWith table of contents in each part book except the bassus, which instead bears the emblem of the Gardano firm.
=505  0\$aSalve Hippolite al cui facondo petto (seconda parte: Non sei tu quel che sopr'al sacro monte) / Vicenzo Ruffo -- Vostro donn'e'l peccato & mio fia'l danno / Vicenzo Ruffo -- Ditemi aure tranquille / Vicenzo Ruffo -- Qual possanza fia mai D'amor / Vicenzo Ruffo -- Com'esser puot'Amore / Vicenzo Ruffo -- Ben mille volte fra me stesso giuro / Vicenzo Ruffo -- Vaghi chari soavi ardenti lumi (seconda parte: Et se tanto di voi non fosti avara) / Vicenzo Ruffo -- Quella belta maggiore Aggiunt'a leggiadria / Vicenzo Ruffo -- Ben mio chi mi ti toglie / Vicenzo Ruffo -- Veggio ben quanto l'odio si rinforza (seconda parte: S'io vi son'importun' ad hora) / Vicenzo Ruffo -- Valle che di lamenti miei sei piena / Vicenzo Ruffo -- O di rara bellezz'unich' & sola / Vicenzo Ferro -- D'Amor le generose & alt'imprese / Vicenzo Ruffo -- Cor mio perche pur piangi / Vicenzo Ferro -- Qual mai piu vagh'e bella donna / Archadelt -- Perche piangi alma se col pianto mai fin non speri / Vicenzo Ferro -- Vergine santa d'ogni gratia piena / Vicenzo Ruffo -- Vergine sol' al mondo senza esempio / Vicenzo Ruffo -- Io che di viver sciolto havea pensato (seconda parte: Nacque nell'alm'in tant'un fier'ardore) / Vicenzo Ruffo -- Quand'io pens'al gravoso mio martire / Francesco Rosselli -- Dunque morte crudel mort'empia e dura / Joan Pionnier -- Io che con mille frodi m'ho difeso / Francesco Rosselli -- Pianget'occhi miei lassi / Andreas Gabriel -- Fuga'l dolore & l'intensi sospiri / Vicenzo Ruffo.
=500  \\$aOriginal is RISM B/I, 1555³²
=546  \\$aItalian words.
=650  \0$aMadrigals, Italian.
=700  1\$aArcadelt, Jacob,$dapproximately 1505-1568,$ecomposer.
=700  1\$aFerro, Vicenzo,$ecomposer.
=700  1\$aGabrieli, Andrea,$dapproximately 1533-1585,$ecomposer.
=700  1\$aGardane, Antonio,$d1509-1569,$eprinter.
=700  1\$aPionnier, Jean,$d-1573,$ecomposer.
=700  1\$aRoussel, François,$dapproximately 1510-$ecomposer.
=752  \\$aItaly$dVenice.$2lcsh/naf
=856  41$uhttp://purl.org/rism/BI/1555/32$yDigitised score
=859  \\$aXLD$bDCW
=852  4\$cDRT$jDigital Store A.254.$aBritish Library$bMUSIC
=985  \\$aAuthority check: modeled on LoC heading for book 1.
=985  \\$aRecord amended for WR# 13/070
=985  \\$aname title to add
=985  \\$aCorrected by MS generated file for WR# 1805-0738
=CAT  \\$aBATCH-DCW$b00$c20171017$lBLL01$h0213
=CAT  \\$a12274$b40$c20190109$lBLL01$h1542
=CAT  \\$a1805-0738$c20190121$lBLL01$h1743
=CAT  \\$a1805-0738$b00$c20190121$lBLL01$h1745
=FIN  \\$aY$d20171017
=LKR  \\$aPAR$lBLL01$r776$b004628406$mIl terzo libro di madrigali a cinque voci /$nIl terzo libro di madrigali a cinque voci /
=DGM  \\$a004628406$bCatBridge variable field
=DRT  \\$aDCW
=SRC  \\$aDCW$bDCW_20171016
=OHC  \\$a1
=LAS  \\$a1805-0738$b00$c20190121$lBLL01$h1745

