=LDR  04061 cm a22006377  4500
=001  018563451
=003  Uk
=005  20190109154514.0
=007  cr\mn\024mpada
=008  930308s1570\\\\it\||z\\s\\\\\\\\\\\ita\\
=FMT  \\$a  MU
=019  d\$aaf13650001
=040  \\$aUk$beng$cUk
=041  \\$aita$gita
=042  \\$aukblsr
=082  14$a780$215
=130  0\$aJustiniane a tre voci,$nlibro 1
=245  13$aIl primo libro delle justiniane a tre voci /$cdie diversi eccellentissimi musici. Nuovamente date in luce.
=260  \\$aIn Vinegia :$bApresso Girolamo Scotto,$cMDLXX [1570].
=300  \\$a3 part books ;$c16 x 11 cm (8o)
=336  \\$anotated music$2rdacontent
=337  \\$acomputer$2rdamedia
=338  \\$aonline$2rdacarrier
=500  \\$aCollection of 'justiniane', a Venetian type of canzoni alla napolitana in three parts (STB), compiled by Vincenzo Bell'haver. With alphabetical table of contents.
=500  \\$aCopy at A.277.(2.). Canto (24 leaves); original pagination: [1-3], 4-47, [48] p.; paper dimensions: 152 x 102 mm.$5Uk
=500  \\$aCopy at A.277.(2.). Digitised score at http://purl.org/rism/BI/1570/17.$5Uk
=500  \\$aTranscribed title page from canto part book: IL PRIMO LIBRO / DELLE IVSTINIANE / A TRE VOCI, / Di diuersi Eccellentißimi Musici, / Nuouamente date in luce. / IN VINEGIA, / APPRESSO GIROLAMO SCOTTO. / M D LXX.
=505  0\$aE voio criar tanto con la bose / Baldesar Donato -- Ingrat'Amor a tanta servitude / Claudio da Coreggio -- Se la bellezza fusse persa'al modo [sic] / Francesco Bonardo -- Quatro sospiri te voria mandare / Francesco Bonardo -- Chin de dara la bose al sofizar (seconda parte: Ut re mi fa sol la) / Andrea Gabrieli -- Anchor che col partire / Andrea Gabrieli -- Dionorea vien te priego alla fenestrea / Andrea Gabrieli -- Forestier inamorao / Andrea Gabrieli -- Perche madonna darne combianao / Andrea Gabrielli -- Quando sara mai quel zonor / Vicenzo Belaver -- Semo bel'e desperai / Vicenzo Belaver -- Franceschineta beula / Vicenzo Belaver -- Fia mia cara d'oro e de veluo / Vicenzo Belaver -- Nu semo tre vechieti inamorai / Vicenzo Belaver -- Cantemo [zazerin] E ti cuffetto / Vicenzo Belaver -- Non è cusi gran fuogo / Vicenzo Belaver -- Tutto'l di ti te spampoli / Vicenzo Belaver -- Habbi pietà fia bellea / Vicenzo Belaver -- L'e pur forza che i viseti / Vicenzo Belaver -- L'e na mala cosa il farse pregar / Gasparo Vinciguerra -- Vu se la vita mia la mia allegrezza / Gasparo Vinciguerra -- E m'ho messo per certo in fantasia / Gasparo Vinciguerra.
=510  4\$aJ. Bernstein: Music Printing in Renaissance Venice: The Scotto Press, 1539-72 (New York, 1998),$cno. 359.
=500  \\$aOriginal is RISM B/I, 1570¹⁷.
=546  \\$aItalian words.
=650  \0$aVillanelle (Part songs)$vParts.
=700  0\$aGiovanni Francesco,$cda Giuli,$ededicatee.
=700  1\$aBell'haver, Vincenzo,$d1530-1587,$ecomposer,$ecompiler.
=700  1\$aBonardo Perissone, Francesco,$dapproximately 1520/30-after 1571,$ecomposer.
=700  1\$aDonato, Baldassare,$d-1603,$ecomposer.
=700  1\$aGabrieli, Andrea,$dapproximately 1533-1585,$ecomposer.
=700  1\$aMerulo, Claudio,$d1533-1604,$ecomposer.
=700  1\$aScotto, Girolamo,$eprinter.
=700  1\$aVinciguerra, Gasparo,$ecomposer.
=752  \\$aItaly$dVenice.$2lcsh/naf
=856  41$uhttp://purl.org/rism/BI/1570/17$yDigitised score
=859  \\$aXLD$bDCW
=852  4\$cDRT$jDigital Store A.277.(2.)$aBritish Library$bMUSIC
=985  \\$aEarly Music Online project
=985  \\$aRecord amended for WR# 13/070
=985  \\$aname title to add
=CAT  \\$aBATCH-DCW$b00$c20171020$lBLL01$h0226
=CAT  \\$a12274$b40$c20190109$lBLL01$h1545
=FIN  \\$aY$d20171020
=LKR  \\$aPAR$lBLL01$r776$b004207883$mIl primo libro delle justiniane a tre voci /$nIl primo libro delle justiniane a tre voci /
=DGM  \\$a004207883$bCatBridge variable field
=DRT  \\$aDCW
=SRC  \\$aDCW$bDCW_20171019
=OHC  \\$a1
=LAS  \\$a12274$b40$c20190109$lBLL01$h1545

