=LDR  03788 cm a22006017  4500
=001  018563452
=003  Uk
=005  20190109154600.0
=007  cr\mn\024mpada
=008  930317s1571\\\\it\||z\\s\\\\\\\\\\\ita\\
=FMT  \\$a  MU
=019  d\$adf08820005
=040  \\$aUk$beng$cUk
=041  \\$aita$gita
=042  \\$aukblsr
=082  14$a780$215
=100  1\$aGorzanis, Giacomo de,$dactive 16th century.
=240  10$aNapolitane,$n2o libro
=245  13$aIl secondo libro delle Napolitane à tre voci. /$cDi Giacomo Gorzanis levtonista et citadino della magnifica città di Trieste. Nuovamente poste in luce.
=260  \\$aIn Vinegia :$bAppresso Girolamo Scotto,$cMDLXXI [1571].
=300  \\$a3 part books ;$c16 x 11 cm (8o)
=336  \\$anotated music$2rdacontent
=337  \\$acomputer$2rdamedia
=338  \\$aonline$2rdacarrier
=500  \\$aCollection of canzoni alla napolitana in three and four parts with alphabetical list of contents.
=500  \\$aCopy at A.277.(6.). CANTO (16 leaves); original pagination: Canto [1-2], 3-31, [32] p.; paper dimensions: 152 x 102 mm.$5Uk
=500  \\$aCopy at A.277.(6.). Digitised score at http://purl.org/rism/AI/G3036.$5Uk
=500  \\$aTranscribed title page from canto part book: DI GIACOMO GORZANIS / LEVTONISTA ET CITADINO / della Magnifica Città di Trieste. / IL SECONDO LIBRO / delle Napolitane à tre voci. / Nuouamente poste in luce. / IN VINEGIA, / APPRESSO GIROLAMO SCOTTO, / M D LXXI.
=500  \\$aWith a dedication to Charles, Archduke of Austria.
=505  0\$aChi in donna bella loca lo suo core -- Aspetto quel che non vien mai -- Nessuno ti conosce se non io -- Haggio fatto le spese nove mesi -- Piaga che medicina non ci trovo -- Marta gentile chel mio cor m'ha morto -- Che giova stratiare un che si rende -- O duri miei pensieri datemi pace -- Scarpello si vedrà di piomb'o lima -- Chi dona lo suo core a donn'ingrata -- Di te io mi lamento o vecchiarella -- Sta vecchia quando passo di qua via -- Basciami con ssa boca saporita -- L'altro giorno mi disse donna stana -- [L]a vita tu mi dai donna gentile -- Se regnasse pietà quant'è belleza -- Bocca più dolce che zuccaro e mele -- Da questo petto m'hai for a schiantato -- Fuggi cor mio la furia di Cupido -- Il bel vis'e i begl'occhi -- Dolor sempre mi dai e non m'aiti -- Questa mortal ferita ch'al cor sento -- (Canzon di pansa) Se pansa che castica tante gente sapesse -- Non è cosa ch'io miri -- S'io stesse in pregionia condennato -- Non è amor che mi traspassa il core.
=510  4\$aJ. Bernstein: Music Printing in Renaissance Venice: The Scotto Press, 1539-72 (New York, 1998),$cno. 370.
=500  \\$aOriginal is RISM A/I, G 3036.
=546  \\$aItalian words.
=650  \0$aVillanelle (Part songs)$vParts.
=700  0\$aCharles,$cArchduke of Austria,$d1540-1590,$ededicatee.
=700  1\$aScotto, Girolamo,$eprinter.
=752  \\$aItaly$dVenice.$2lcsh/naf
=856  41$uhttp://purl.org/rism/AI/G3036$yDigitised score
=859  \\$aXLD$bDCW
=852  4\$cDRT$jDigital Store A.277.(6.)$aBritish Library$bMUSIC
=985  \\$aAuthority check: LoC heading given here, but should this be under "Napolitane a tre voci, libro 2"?
=985  \\$aEarly Music Online project
=985  \\$aRecord amended for WR# 13/070
=985  \\$aname title to add
=CAT  \\$aBATCH-DCW$b00$c20171020$lBLL01$h0226
=CAT  \\$a12274$b40$c20190109$lBLL01$h1546
=FIN  \\$aY$d20171020
=LKR  \\$aPAR$lBLL01$r776$b004369758$mIl secondo libro delle Napolitane à tre voci. /$nIl secondo libro delle Napolitane à tre voci. /
=DGM  \\$a004369758$bCatBridge variable field
=DRT  \\$aDCW
=SRC  \\$aDCW$bDCW_20171019
=OHC  \\$a1
=LAS  \\$a12274$b40$c20190109$lBLL01$h1546

