=LDR  03919 cm a22006137  4500
=001  018563453
=003  Uk
=005  20190109154709.0
=007  cr\mn\024mpada
=008  930323s1569\\\\it\||z\\s\\\\\\\\\\\ita\\
=FMT  \\$a  MU
=019  d\$aek18310001
=040  \\$aUk$beng$cUk
=041  \\$aita$gita
=042  \\$aukblsr
=082  14$a780$215
=100  1\$aMazzoni, Francesco,$dactive 1569-76,$ecomposer,$ecompiler.
=240  10$aCanzoni alla Napolitana,$nlibro 1
=245  13$aIl primo libro delle canzoni alla Napolitana, a tre voci, con due a quattro.$cDi Don Francesco Mazzoni Abruzzese, nuovamente poste in luce.
=260  \\$aIn Vinegia :$bAppresso Girolamo Scotto,$c1569.
=300  \\$a3 part books ;$c16 x 11 cm (8o)
=336  \\$anotated music$2rdacontent
=337  \\$acomputer$2rdamedia
=338  \\$aonline$2rdacarrier
=500  \\$aCollection of canzoni alla napolitana, with table of contents. All three-part works except for the last two, which are in four parts.
=500  \\$aCopy at A.277.(4.). CANTO (16 leaves); original pagination: Canto [i-ii], 1-29, [30] p.; paper dimensions: 152 x 102 mm.$5Uk
=500  \\$aCopy at A.277.(4.). Digitised score at http://purl.org/rism/BI/1569/29.$5Uk
=500  \\$aTranscribed title page from canto part book: DI DON FRANCESCO / MAZZONI ABRVZZESE, / IL PRIMO LIBRO DELLE CANZONI / ALLA NAPOLITANA, / A TRE VOCI, CON DVE A QVATTRO. / Nuouamente poste in luce. / IN VINEGIA, / APPRESSO GIROLAMO SCOTTO. / M D LXIX.
=505  0\$aVag'augelletti, che tra belle fronde -- Di donne non vorrei v'innamorasti -- Amor senza tormento non puo stare -- Che far mi deggio' amor -- (Risposta d'amore) Non ti doler d'amore -- Ninfa non hebbe mai Si auraro crine -- Piange del pianger mio -- Taci e non parlar de le citelle -- Rosa gentil che vaga per natura -- Laura gentil che raseren' il cielo / Cesare Thodino -- Passando per sta strada l'altra sera -- Aflitto lo cor mio -- Pastorella gentil dal bianco armento -- Chisso marito tuo che ne voi fare -- Dov'è la vera fede e'l grand'amore -- Viddi stand'a giacer sott'un bel pino -- Mentre mi stai lontano -- Quess'occhi belli m'han ferit'il core -- Madonna tu me fai la scorocciata -- O s'io potessi donna palesarti -- Liete festose & honorate donne -- La pastorella mia -- Nui siamo tre vecchietti sventurati -- Deh fermatev'al suon di queste voci -- Fuggimi pur cor mio quanto tu voi -- Hoime come porragio / Pre Lorenzo de Egidijs -- Datemi pace o duri miei pensieri a4 / Massimo Troiano -- Un'ape esser vorrei a4.
=510  4\$aJ. Bernstein: Music Printing in Renaissance Venice: The Scotto Press, 1539-72 (New York, 1998),$cno. 325.
=500  \\$aOriginal is RISM B/I, 1569²⁹.
=546  \\$aItalian words.
=650  \0$aVillanelle (Part songs)$vParts.
=700  1\$aBorgasio, Sigismund,$ededicatee.
=700  1\$aEgidio, Lorenzo de,$ecomposer.
=700  1\$aScotto, Girolamo,$eprinter.
=700  1\$aTroiano, Massimo,$dactive 16th century,$ecomposer.
=700  1\$aTudino, Cesare,$dapproximately 1530-approximately 1590,$ecomposer.
=752  \\$aItaly$dVenice.$2lcsh/naf
=856  41$uhttp://purl.org/rism/BI/1569/29$yDigitised score
=859  \\$aXLD$bDCW
=852  4\$cDRT$jDigital Store A.277.(4.)$aBritish Library$bMUSIC
=985  \\$aEarly Music Online project
=985  \\$aRecord amended for WR# 13/070
=985  \\$aname title to add
=CAT  \\$aBATCH-DCW$b00$c20171020$lBLL01$h0226
=CAT  \\$a12274$b40$c20190109$lBLL01$h1547
=FIN  \\$aY$d20171020
=LKR  \\$aPAR$lBLL01$r776$b004517288$mIl primo libro delle canzoni alla Napolitana, a tre voci, con due a quattro.$nIl primo libro delle canzoni alla Napolitana, a tre voci, con due a quattro.
=DGM  \\$a004517288$bCatBridge variable field
=DRT  \\$aDCW
=SRC  \\$aDCW$bDCW_20171019
=OHC  \\$a1
=LAS  \\$a12274$b40$c20190109$lBLL01$h1547

