=LDR  04151 cm a22006137  4500
=001  018563454
=003  Uk
=005  20190109154751.0
=007  cr\mn\024mpada
=008  930325s1571\\\\it\||z\\s\\\\\\\\\\\ita\\
=FMT  \\$a  MU
=019  d\$afg20420001
=040  \\$aUk$beng$cUk
=041  \\$aita$gita
=042  \\$aukblsr
=082  14$a780$215
=130  0\$aNapolitane à tre voci,$nlibro 1
=245  13$aIl primo libro delle Napolitane à tre voci /$cGiosef Policretto, & altri eccellentissimi musici, con una canzone alla Ferrarese del medesimo à quattro voci.
=260  \\$aIn Vinegia :$bAppresso Girolamo Scotto,$cMDLXXI [1571].
=300  \\$a3 part books ;$c16 x 11 cm (8o)
=336  \\$anotated music$2rdacontent
=337  \\$acomputer$2rdamedia
=338  \\$aonline$2rdacarrier
=500  \\$aCollection of canzoni alla napolitana edited by Giuseppe Policretto, with table of contents in alphabetical order. All three-part works (STB) except for one, which is in four parts (SATB).
=500  \\$aCopy at A.277.(3.). Canto (16 leaves); original pagination: [1-2], 3-5, [6], 7-25, [26], 25, 28-31, [32] p.; paper dimensions: 152 x 102 mm.$5Uk
=500  \\$aCopy at A.277.(3.). Digitised score at http://purl.org/rism/BI/1571/9.$5Uk
=500  \\$aThe collection includes works dedicated to: Gulielmo Ferrarese; Madonna Gentil Z; P. Bac. Dionisio Tasso Ferrarese; Hieronimo Menegaldi; Conte Bonifaccio; P.M. Paolo Rugolo, and R.P. Hier. Maini da Padoa.
=500  \\$aTranscribed title page from canto part book: IL PRIMO LIBRO / delle Napolitane à tre voci, / GIOSEF POLICRETTO, / & altri Eccellentißimi Musici, / CON VNA CANZONE ALLA / Ferrarese del medesimo à quattro voci. / IN VINEGIA, / APPRESSO GIROLAMO SCOTTO. / M D LXXI.
=505  0\$aQuess'occhi ladr'e quessa faccia bella / Gio. P. -- Core mio bello / G.P. -- Mi sono inamorato in questa terra / Gio. P. -- In questo mondo piu non voglio stare / Il Polic. -- Vita della mia vita / Gio. P. -- Chi vol veder tutta raccolta insieme / G.P. -- O saporito volto per te -- Se mai pianser per te quess'occhi miei / Hieronimo Tast. -- Io mi daria la morte -- Deh perche piu martero -- Monti montagne colli e boschi e selve -- Cor mio tu sei beato -- Martir e gelosia -- E ben vero ch'el tormento mi tormenta -- L'apparir dell'alba un pastorello -- Non mi lasciar morir ti prego donna -- S'a te signora t'hagio dato il core -- Se nel mirarmi un tratto il mio bel viso -- O bocca saporita -- Lo mar i fiumi e tutti i boschi insieme -- (Canzon prima stanza: L'altra'hier dalla mia villa ritornando) (seconda stanza: Ond'io pian pian a lui m'avicinai) (terza stanza: Io piango ei mi rispose lo mio bene) (quarta stanza: Qui m'ha lassato afflitto e sconsolato) (quinta stanza: Cosi piangendo ahime ogn'hora lasso) (sesta stanza: Piangerò donque insin al suo ritorno).
=510  4\$aJ. Bernstein: Music Printing in Renaissance Venice: The Scotto Press, 1539-72 (New York, 1998),$cno. 383.
=500  \\$aOriginal is RISM B/I, 1571⁹.
=546  \\$aItalian words.
=650  \0$aVillanelle (Part songs)$vParts.
=700  1\$aMaini da Padova, Girolamo,$ededicatee.
=700  1\$aPolicreti, Giuseppe,$ecompiler,$ecomposer.
=700  1\$aQuaini da Padova, Girolamo,$ededicatee.
=700  1\$aScotto, Girolamo,$eprinter.
=700  1\$aTastavin, Geronimo,$dactive 1560-80,$ecomposer.
=752  \\$aItaly$dVenice.$2lcsh/naf
=856  41$uhttp://purl.org/rism/BI/1571/9$yDigitised score
=859  \\$aXLD$bDCW
=852  4\$cDRT$jDigital Store A.277.(3.)$aBritish Library$bMUSIC
=985  \\$aEarly Music Online project
=985  \\$aRecord amended for WR# 13/070
=985  \\$aname title to add
=CAT  \\$aBATCH-DCW$b00$c20171020$lBLL01$h0226
=CAT  \\$a12274$b40$c20190109$lBLL01$h1547
=FIN  \\$aY$d20171020
=LKR  \\$aPAR$lBLL01$r776$b004585732$mIl primo libro delle Napolitane à tre voci /$nIl primo libro delle Napolitane à tre voci /
=DGM  \\$a004585732$bCatBridge variable field
=DRT  \\$aDCW
=SRC  \\$aDCW$bDCW_20171019
=OHC  \\$a1
=LAS  \\$a12274$b40$c20190109$lBLL01$h1547

