=LDR  04498 cm a22006257  4500
=001  018563455
=003  Uk
=005  20190109154825.0
=007  cr\mn\024mpada
=008  930325s1570\\\\it\||z\\s\\\\\\\\\\\ita\\
=FMT  \\$a  MU
=019  d\$afh05960002
=040  \\$aUk$beng$cUk
=041  \\$aita
=042  \\$aukblsr
=082  14$a780$215
=100  1\$aPrimavera, Giovan Leonardo,$dactive 16th century,$ecomposer.
=240  10$aCanzone Napolitane,$mlibro 2
=245  13$aIl secondo libro de canzone Napolitane a tre voci /$cdi Gioan Leonardo Primavera.
=264  \1$aIn Vinegia :$bAppresso Girolamo Scotto,$cMDLXX [1570]
=300  \\$a3 part books ;$c16 x 11 cm (8º)
=336  \\$anotated music$2rdacontent
=337  \\$acomputer$2rdamedia
=338  \\$aonline$2rdacarrier
=340  \\$m8vo$2rdabf
=500  \\$aCollection of canzoni alla napolitana in three parts (STB) with an alphabetical list of contents.
=500  \\$aCopy at A.277.(9.). Canto (16 leaves); original pagination: [1-2], 3-31, [32] p.; paper dimensions: 152 x 102 mm.$5Uk
=500  \\$aCopy at A.277.(9.). Digitised score at http://purl.org/rism/BI/1570/30.$5Uk
=500  \\$aTranscribed title page from canto part book: IL SECONDO LIBRO / DE CANZONE NAPOLITANE / A TRE VOCI, / Di Gioan Leonardo Primauera. / IN VINEGIA, / APPRESSO GIROLAMO SCOTTO. / M D LXX.
=505  0\$aL'imperatore prepara gra[n] guerra / Gioan Leonardo Primavera -- Vila vi vila vi quella crudele / Gioan Leonardo Primavera -- O Dio se tu conosci quanto t'amo / Gioan Leonardo Primavera -- La villanella quand'all'acqua và / Gioan Leonardo Primavera -- Se ti nascondi tu mi fai morir / Gioan Leonardo Primavera -- Na vecchiarella al campo di San Polo / Gioan Leonardo Primavera -- Dolce mi seria uscir / Gioan Leonardo Primavera -- Che seria se la fioretta mia / Gioan Leonardo Primavera -- Fugend'il mio dolor io m'era'asciso / Gioan Leonardo Primavera -- Dolce m'è per tuo'amor donna morire / Gioan Leonardo Primavera -- La Signoria ha fatt'un gra[n] consiglio / Gioan Leonardo Primavera -- Hier sera'andai da la mia manza bella / Gioan Leonardo Primavera -- Bella Smiralda mia che di colore / Gioan Leonardo Primavera -- Chi vol veder quantumque può natura / Gioan Leonardo Primavera -- Tu m'hai lasssat'alla bon'hora sia / Gioan Leonardo Primavera -- Foscarina gentil padrona mia / Paolo Gradenico -- O Dio perche non vedi il mio tormento / Gioan Leonardo Primavera -- Mira la villanella / Gioan Leonardo Primavera -- Dirudi ridirido padrona mia / Gioan Leonardo Primavera -- Viva fia[m]m'e vivo foco / Gioan Leonardo Primavera -- Campare di speranza sempre mai / Gioan Leonardo Primavera -- Fiora che di beltà sei rara'al mo[n]do / Gioan Leonardo Primavera -- Per voi vivo mia donna in giacci'e'n foco / Gioan Leonardo Primavera -- Sento tal foc'ardente / Gioan Leonardo Primavera -- Venuto'l Maggio ch'invit'a cantare / Gioan Leonardo Primavera -- Scontrai una fantina ballalilo / Gioan Leonardo Primavera -- Quando vego sta vecchi'a la divisa / Gioan Leonardo Primavera -- E gionta l'hor'e mi convien partire / Gioan Leonardo Primavera -- Signora mia voi sete tanto bella / Zaramella.
=510  4\$aJ. Bernstein: Music Printing in Renaissance Venice: The Scotto Press, 1539-72 (New York, 1998),$cno. 351.
=500  \\$aOriginal is RISM B/I, 1570³⁰.
=546  \\$aItalian words.
=650  \0$aVillanelle (Part songs)$vParts.
=700  1\$aGradenigo, Paolo,$dactive 1566-74,$ecomposer.
=700  1\$aScotto, Girolamo,$eprinter.
=700  1\$aZaramella,$ecomposer.
=752  \\$aItaly$dVenice.$2lcsh/naf
=856  41$uhttp://purl.org/rism/BI/1570/30$yDigitised score
=859  \\$aXLD$bDCW
=852  4\$cDRT$jDigital Store A.277.(9.)$aBritish Library$bMUSIC
=985  \\$aRecord amended for WR# 13/070
=985  \\$aname title to add
=985  \\$aCorrected by MS generated file for WR# 1805-0738
=CAT  \\$aBATCH-DCW$b00$c20171020$lBLL01$h0226
=CAT  \\$a12274$b40$c20190109$lBLL01$h1548
=CAT  \\$a1805-0738$c20190121$lBLL01$h1743
=CAT  \\$a1805-0738$b00$c20190121$lBLL01$h1745
=FIN  \\$aY$d20171020
=LKR  \\$aPAR$lBLL01$r776$b004590332$mIl secondo libro de canzone Napolitane a tre voci /$nIl secondo libro de canzone Napolitane a tre voci /
=DGM  \\$a004590332$bCatBridge variable field
=DRT  \\$aDCW
=SRC  \\$aDCW$bDCW_20171019
=OHC  \\$a1
=LAS  \\$a1805-0738$b00$c20190121$lBLL01$h1745

