=LDR  04225 cm a22005897  4500
=001  018563456
=003  Uk
=005  20190109154925.0
=007  cr\mn\024mpada
=008  930325s1570\\\\it\||z\\s\\\\\\\\\\\ita\\
=FMT  \\$a  MU
=019  d\$afh05960005
=040  \\$aUk$beng$cUk
=041  \\$aita
=042  \\$aukblsr
=082  14$a780$215
=100  1\$aPrimavera, Giovan Leonardo,$dactive 16th century,$ecomposer.
=240  10$aVillotte alla Napoitana,$nlibro 3
=245  13$aIl terzo libro delle villotte alla Napolitana a tre voci /$cDi Gioan Leonardo Primavera
=264  \1$aIn Vinegia :$bAppresso Girolamo Scotto,$cMDLXX [1570]
=300  \\$a3 part books ;$c16 x 11 cm (8º)
=336  \\$anotated music$2rdacontent
=337  \\$acomputer$2rdamedia
=338  \\$aonline$2rdacarrier
=340  \\$m8vo$2rdabf
=500  \\$aCollection of 'canzoni alla napolitana' in three parts (STB) with an alphabetical list of contents.
=500  \\$aCopy at A.277.(10.). Canto (16 leaves); original pagination: [1-2], 3-31, [32] p.; paper dimensions: 152 x 102 mm.$5Uk
=500  \\$aCopy at A.277.(10.). Digitised score at http://purl.org/rism/BI/1570/31.$5Uk
=500  \\$aTranscribed title page from canto part book: DI GIOAN LEONARDO / PRIMAVERA, / IL TERZO LIBRO DELLE / VILLOTE ALLA NAPOLITANA / A TRE VOCI. / IN VINEGIA, / APPRESSO GIROLAMO SCOTTO. / M D LXX.
=505  0\$aQuando miro'i capelli / Gioan Leonardo Primavera -- Cor mio ritorna'hormai / Gioan Leonardo Primavera -- Non è cosa ch'io miri / Gioan Leonardo Primavera -- Amor sia benedetto / Gioan Leonardo Primavera -- La prima volta ch'io ti risguardai / Gioan Leonardo Primavera -- La persona che và / Gioan Leonardo Primavera -- Tutte le donne portano le perle / Gioan Leonardo Primavera -- Giva cogliendo fiori'una mattina / Gioan Leonardo Primavera -- Mi porg'un ta[n]t'ardor vostro bel lume / Gioan Leonardo Primavera -- Gl'occhi la bocca'e la tua leggiadria / Gioan Leonardo Primavera -- Gia mi credea passar mio te[m]po'hormai / Gioan Leonardo Primavera -- Dite'o mi caro sole / Gioan Leonardo Primavera -- Se senza cuore non si può campare -- Sciolt'è quella catena ch'ad ogn'hora / Gioan Leonardo Primavera -- Male per me tanta beltà mirai / Gioan Leonardo Primavera -- Sospira core che raggione n'hai / Gioan Leonardo Primavera -- Voglio di me si dica'in ogni loco / Gioan Leonardo Primavera -- Voglio far doi molin'e una vitrera / Gioan Leonardo Primavera -- Crudel a che mi dai / Gioan Leonardo Primavera -- Voria per art'o per natur'havere / Gioan Leonardo Primavera -- Signora par ch'el ciel v'ha fatt'a posta / Gioan Leonardo Primavera -- Quanto piu miro la tua gra[n] bellezza / Gioan Leonardo Primavera -- Dammi pur affann'e pene -- Miracolo non è Se voi legat'a me -- S'io havesse tantillo di speranza -- Io vò cercando o belle donn'il core -- Gioia ch'avanzi tanto di bellezza -- Occhi miei lassi che pianget'ogn'hora -- Bellezza che nel cor m'hai post'il foco -- Che cos'al mondo mai saria piu bella.
=510  4\$aJ. Bernstein: Music Printing in Renaissance Venice: The Scotto Press, 1539-72 (New York, 1998),$cno. 352.
=510  4\$aOriginal is RISM B/I, 1570³¹.
=546  \\$aItalian words.
=700  1\$aScotto, Girolamo,$eprinter.
=752  \\$aItaly$dVenice.$2lcsh/naf
=856  41$uhttp://purl.org/rism/BI/1570/31$yDigitised score
=859  \\$aXLD$bDCW
=852  4\$cDRT$jDigital Store A.277.(10.)$aBritish Library$bMUSIC
=985  \\$aRecord amended for WR# 13/070
=985  \\$aname title to add
=985  \\$aCorrected by MS generated file for WR# 1805-0738
=CAT  \\$aBATCH-DCW$b00$c20171020$lBLL01$h0226
=CAT  \\$a12274$b40$c20190109$lBLL01$h1549
=CAT  \\$a1805-0738$c20190121$lBLL01$h1743
=CAT  \\$a1805-0738$b00$c20190121$lBLL01$h1745
=FIN  \\$aY$d20171020
=LKR  \\$aPAR$lBLL01$r776$b004590335$mIl terzo libro delle villotte alla Napolitana a tre voci /$nIl terzo libro delle villotte alla Napolitana a tre voci /
=DGM  \\$a004590335$bCatBridge variable field
=DRT  \\$aDCW
=SRC  \\$aDCW$bDCW_20171019
=OHC  \\$a1
=LAS  \\$a1805-0738$b00$c20190121$lBLL01$h1745

