=LDR  04497 cm a22006257  4500
=001  018563457
=003  Uk
=005  20190109155009.0
=007  cr\mn\024mpada
=008  930325s1566\\\\it\||z\\s\\\\\\\\\\\ita\\
=FMT  \\$a  MU
=019  d\$afk17330001
=040  \\$aUk$beng$cUk
=041  \\$aita$gita
=042  \\$aukblsr
=082  14$a780$215
=245  00$aCanzon Napolitane a tre voci /$cdi L'Arpa, Cesaro Todino, Joan Dominico da Nola. Et di altri musici in questa profession di Napolitane eccellentissimi non piu stampate.
=260  \\$aIn Vinegia :$bappreso Girolamo Scotto,$cLXVI [1566].
=300  \\$a3 part books ;$c16 x 11 cm (8o)
=336  \\$anotated music$2rdacontent
=337  \\$acomputer$2rdamedia
=338  \\$aonline$2rdacarrier
=500  \\$aCollection of canzoni alla napolitana in three parts (STB), compiled by Niccolò Roiccerandet. With table of contents.
=500  \\$aCopy at A.277.(5.). Canto (16 leaves); original pagination: [1-2], 3-31, [32]; paper dimensions: 152 x 102 mm.$5Uk
=500  \\$aCopy at A.277.(5.). Digitised score at http://purl.org/rism/BI/1566/9.$5Uk
=500  \\$aTranscribed title page from canto part book: CANZON NAPOLITANE / A TRE VOCI, / Di L'arpa, / Cesaro Todino, / Ioan Dominico da Nola. / Et di altri Musici in questa profession di Napolitane / eccellentissimi non piu stampate. / In Vinegia appreso Girolamo Scotto. / M D LXVI.
=505  0\$aGran pena sente l'huomo innamorato / Giovan Leonardo de L'arpa -- Io persi lo mio cor'ad un'impresa / De Larpa -- O belle trezze d'oro io per voi pasm'e moro / De Larpa -- O Bella man ch'avanzi di valore / De L'arpa -- Parti Canzona mia / De L'arpa -- Le donne a Roma portano le perle / De L'arpa -- Seguit'amor donna gentil e bella / Joan Dominico da Nola -- Credo ch'el paradiso al parer mio / Joan Dominico da Nola -- Sappiat'amanti ch'amor fa gra[n] guerra / Cesaro Todino -- Tristo che gionge a cosi streto passo / Cesaro Todino -- Cosi scolpita a gl'occhi mei to porto / Don Francesco Celano -- Come poss'io morir si non ho vita / Euisdem -- Amor rilieva lo mio cor in cielo / Joan Dominico da Nola -- Dal giorno ch'io mirai tua face bella / Cesaro Todino -- Al vostro dolce sguard'ond'io son foco / Del medesimo -- Quanti lasso sospir la nott'al vento -- Fuggend'il mio dolor'io m'era assiso / Le Roy -- Menando gli anni a pie d'un verde felce / Cesaro Todino -- Del crud'amor io sempre mi lamento -- Se'l ciel no[n] dess'aita a far'ogn'anno / Cesaro Todino -- Ahime che nel partir mi manca il core -- Villanella villanella -- Ahi dolce sonno ahi liet'e bel dormire / Joan Dominico da Nola -- Vita mia com'è spento quell' Amore / Joan Dominico da Nola -- Io non posso lasciarti o vita mia / Don Giovan Antonio -- Chi vuol veder'un bosco e spesso folt'e / Cesaro Todino -- Io mi vivea com'Aquila mirando / Stefano Lando -- Un te[m]p'ogn'hor pi[a]ngeva -- Amor lasciami stare / Joan Antonio Ferrelle.
=510  4\$aJ. Bernstein: Music Printing in Renaissance Venice: The Scotto Press, 1539-72 (New York, 1998),$cno. 271.
=500  \\$aOriginal is RISM B/I, 1566⁹.
=546  \\$aItalian words.
=650  \0$aVillanelle (Part songs)$vParts.
=700  0\$aGian Leonardo,$cdell'Arpa,$dapproximately 1525-1602,$ecomposer.
=700  1\$aLando, Stefano,$dapproximately 1530-1571,$ecomposer.
=700  1\$aNola, Gian Domenico del Giovane da,$d-1592,$ecomposer.
=700  1\$aOrso, Francesco,$dactive 1567-1581,$ecomposer.
=700  1\$aRoiccerandet, Niccolò,$ecompiler.
=700  1\$aRoy, Bartolomeo,$dapproximately 1530-1599,$ecomposer.
=700  1\$aScotto, Girolamo,$eprinter.
=700  1\$aTudino, Cesare,$dapproximately 1530-approximately 1590,$ecomposer.
=752  \\$aItaly$dVenice.$2lcsh/naf
=856  41$uhttp://purl.org/rism/BI/1566/9$yDigitised score
=859  \\$aXLD$bDCW
=852  4\$cDRT$jDigital Store A.277.(5.)$aBritish Library$bMUSIC
=985  \\$aEarly Music Online project
=985  \\$aRecord amended for WR# 13/070
=985  \\$aname title to add
=CAT  \\$aBATCH-DCW$b00$c20171020$lBLL01$h0226
=CAT  \\$a12274$b40$c20190109$lBLL01$h1550
=FIN  \\$aY$d20171020
=LKR  \\$aPAR$lBLL01$r776$b004618339$mCanzon Napolitane a tre voci /$nCanzon Napolitane a tre voci /
=DGM  \\$a004618339$bCatBridge variable field
=DRT  \\$aDCW
=SRC  \\$aDCW$bDCW_20171019
=OHC  \\$a1
=LAS  \\$a12274$b40$c20190109$lBLL01$h1550

