=LDR  03152 cm a22005297  4500
=001  018563458
=003  Uk
=005  20190109155042.0
=007  cr\mn\024mpada
=008  930329s1571\\\\it\||z\\s\\\\\\\\\\\ita\\
=FMT  \\$a  MU
=019  d\$agc05910001
=040  \\$aUk$beng$cUk
=041  \\$aita
=042  \\$aukblsr
=082  14$a780$215
=100  1\$aScotto, Girolamo,$ecomposer,$eprinter.
=240  10$aCorona,$nlibro 2
=245  10$aCorona, il secondo libro delle canzoni alla Napolitana à tre voci /$cdi Girolamo Scotto. Nuovamente poste in luce.
=260  \\$aIn Vinegia :$bAppresso Girolamo Scotto,$cMDLXXI [1571].
=300  \\$a3 part books ;$c16 x 11 cm (8o)
=336  \\$anotated music$2rdacontent
=337  \\$acomputer$2rdamedia
=338  \\$aonline$2rdacarrier
=500  \\$aCollection of canzoni alla napolitana in three parts (STB) by Girolamo Scotto. With alphabetical list of contents.
=500  \\$aCopy at A.277.(7.). Canto (16 leaves); original pagination: [1], 2-31, [32] p.; paper dimensions: 152 x 102 mm.$5Uk
=500  \\$aCopy at A.277.(7.). Digitised score at http://purl.org/rism/AI/S2625.$5Uk
=500  \\$aTranscribed title page from canto part book: CORONA, / IL SECONDO LIBRO / DELLE CANZONI / Alla Napolitana à tre voci. / DI GIROLAMO SCOTTO. / Nuouamente poste in luce. / IN VINEGIA, / APPRESSO GIROLAMO SCOTTO, / M D LXXI.
=505  0\$aChi t'ama e chi t'adora -- Pascomi sol di pianto e vivo in pene -- O felice o beato o glorioso -- Sdegnat'un giorno quel crudel d'amore -- Quand'io mirai sa bella faccia d'oro -- Non restarò giamai di sospirare -- Fuggimi quanto voi faccia mia bella -- Ben mio saper dove sei gita -- Amor amor io mor'et tu il vedi -- Ardenti miei sospiri -- Vivo' o morto io ti saraggio apresso -- Da che si part'il sole -- S'io vi potess'aperto il cor mostrare -- Se pe[n]sand'al partir pe[n]s'al morire -- Dhe dove'è l'amor mio dov'è 'l mio bene -- Ahime che col partir mi ma[n]c'il core -- Villanella crudel mi fai morire -- Ardo moro la[n]guisc'e chieg'aita -- Dolc'amorose e leggiadrette ninphe -- Misero cigno che vicin'a morte -- Dal desiderio naque l'amor mio.
=510  4\$aJ. Bernstein: Music Printing in Renaissance Venice: The Scotto Press, 1539-72 (New York, 1998),$cno. 375.
=500  \\$aOriginal is RISM A/I, S 2625.
=546  \\$aItalian words.
=650  \0$aVillanelle (Part songs)$vParts.
=752  \\$aItaly$dVenice.$2lcsh/naf
=856  41$uhttp://purl.org/rism/AI/S2625$yDigitised score
=859  \\$aXLD$bDCW
=852  4\$cDRT$jDigital Store A.277.(7.)$aBritish Library$bMUSIC
=985  \\$aname title to add
=CAT  \\$aBATCH-DCW$b00$c20171020$lBLL01$h0226
=CAT  \\$a12274$b40$c20190109$lBLL01$h1550
=FIN  \\$aY$d20171020
=LKR  \\$aPAR$lBLL01$r776$b004650112$mCorona, il secondo libro delle canzoni alla Napolitana à tre voci /$nCorona, il secondo libro delle canzoni alla Napolitana à tre voci /
=DGM  \\$a004650112$bCatBridge variable field
=DRT  \\$aDCW
=SRC  \\$aDCW$bDCW_20171019
=OHC  \\$a1
=LAS  \\$a12274$b40$c20190109$lBLL01$h1550

