=LDR  04049 cm a22006257  4500
=001  018563459
=003  Uk
=005  20190109155145.0
=007  cr\mn\024mpada
=008  930329s1571\\\\it\||z\\s\\\\\\\\\\\ita\\
=FMT  \\$a  MU
=019  d\$agc05910002
=040  \\$aUk$beng$cUk
=041  \\$aita
=042  \\$aukblsr
=082  14$a780$215
=100  1\$aScotto, Girolamo,$ecomposer,$eprinter.
=240  10$aCorona,$nlibro 3
=245  10$aCorona, il terzo libro delle canzoni alla Napolitana, a tre voci /$cdi Girolamo Scotto, nuovamente poste in luce.
=264  \1$aVinegia :$bAppresso Girolamo Scotto,$c1571.
=300  \\$a3 part books ;$c16 x 11 cm (8º)
=336  \\$anotated music$2rdacontent
=337  \\$acomputer$2rdamedia
=338  \\$aonline$2rdacarrier
=340  \\$m8vo$2rdabf
=500  \\$aAll works by Girolamo Scotto except for the last two which are by Giovanni Bassano.
=500  \\$aCollection of canzoni alla napolitana in three parts (STB) with table of contents in alphabetical order.
=500  \\$aCopy at A.277.(8.). Canto (16 leaves); original pagination: [1], 2-31, [32] p.; paper dimensions: 152 x 102 mm.$5Uk
=500  \\$aCopy at A.277.(8.). Digitised score at http://purl.org/rism/BI/1571/11.$5Uk
=500  \\$aTranscribed title page from canto part book: CORONA, / ILTERZO LIBRO / DELLE CANZONI / Alla Napolitana, a tre voci. / DI GIROLAMO SCOTTO, / Nuouamente poste in luce. / IN VINEGIA, / APPRESSO GIROLAMO SCOTTO, / M D LXXI.
=505  0\$aSospira core che ragione n'hai / Girolamo Scotto -- Date la vel'al ve[n]t'o pensier miei / Girolamo Scotto -- Amor lasciami stare / Girolamo Scotto -- Pensai piu d'ogn'ama[n]te esser contento / Girolamo Scotto -- Sento tal foc'e fia[m]ma / Girolamo Scotto -- Amor sia benedetto / Girolamo Scotto -- Io vo cercando o belle donn'il core / Girolamo Scotto -- Da che ti pres'amar donna crudele / Girolamo Scotto -- Credimi vita mia credim'un poco / Girolamo Scotto -- Io vo cercando e mai posso trovare / Girolamo Scotto -- Dolce mio be[n] affaciati no poco / Girolamo Scotto -- Tanto mi si trasuta ne lo core / Girolamo Scotto -- O faccia che ralegr'il paradiso / Girolamo Scotto -- Mamma mia cara Mamma dolc'e bella / Girolamo Scotto -- Chiamo la mort'haime che me ne levi / Girolamo Scotto -- O dolce piu che l'uva moscarella / Girolamo Scotto -- O Dio che nott'e dì sempre basciasse / Girolamo Scotto -- Tu me rubasti al primo sguard'il core / Girolamo Scotto -- Perche mi dai martir vita mia d'oro / Girolamo Scotto -- Crudel se sai che per te mor'et ardo / Girolamo Scotto -- Quiss'occh'e quessa bocca vasariella / Girolamo Scotto -- Amor mi sforz'a dirvi / Giovanni Bassano -- O dolce servitù dolce tormento / Giovanni Bassano.
=510  4\$aJ. Bernstein: Music Printing in Renaissance Venice: The Scotto Press, 1539-72 (New York, 1998),$cno. 376.
=500  \\$aOriginal is RISM B/I, S 2626.
=500  \\$aOriginal is RISM A/I, 1571¹¹.
=546  \\$aItalian words.
=650  \0$aVillanelle (Part songs)$vParts.
=700  1\$aBassano, Giovanni,$dactive 1585-1615,$ecomposer.
=752  \\$aItaly$dVenice.$2lcsh/naf
=856  41$uhttp://purl.org/rism/BI/1571/11$yDigitised score
=859  \\$aXLD$bDCW
=852  4\$cDRT$jDigital Store A.277.(8.)$aBritish Library$bMUSIC
=985  \\$aRecord amended for WR# 13/070
=985  \\$aname title to add
=985  \\$aCorrected by MS generated file for WR# 1805-0738
=CAT  \\$aBATCH-DCW$b00$c20171020$lBLL01$h0226
=CAT  \\$a12274$b40$c20190109$lBLL01$h1551
=CAT  \\$a1805-0738$c20190121$lBLL01$h1743
=CAT  \\$a1805-0738$b00$c20190121$lBLL01$h1745
=FIN  \\$aY$d20171020
=LKR  \\$aPAR$lBLL01$r776$b004650113$mCorona, il terzo libro delle canzoni alla Napolitana, a tre voci /$nCorona, il terzo libro delle canzoni alla Napolitana, a tre voci /
=DGM  \\$a004650113$bCatBridge variable field
=DRT  \\$aDCW
=SRC  \\$aDCW$bDCW_20171019
=OHC  \\$a1
=LAS  \\$a1805-0738$b00$c20190121$lBLL01$h1745

