=LDR  05642 cm a22008297  4500
=001  018570965
=003  Uk
=005  20190109155226.0
=007  cr\mn\024mpada
=008  930323s1558\\\\it\||z\\s\\\\\\\\\\\ita\\
=FMT  \\$a  MU
=019  d\$aej13580003
=040  \\$aUk$beng$cUk
=041  \\$aita
=042  \\$aukblsr
=082  14$a780$215
=130  0\$aMadrigali a notte negre,$nlibro 1o (Scotto (Firm))
=245  13$aIl primo libro de madrigali, a quatro voci /$cDe diversi autori. A notte negre. Con la gionta di quatro madrigali, novamente ristampato, & con somma diligentia coretto.
=264  \1$aIn Vinegia :$b[Girolamo Scotto],$cMDLVIII [1558]
=300  \\$a4 part books ;$c17 x 22 cm (oblong 4º)
=336  \\$anotated music$2rdacontent
=337  \\$acomputer$2rdamedia
=338  \\$aonline$2rdacarrier
=340  \\$m4to$2rdabf
=490  0\$aMadrigali a notte negre
=500  \\$aCollection of madrigals for four voices (SATB).
=500  \\$aCopy at A.277.a. Cantus (22 leaves) Tenor (22 leaves) Bassus (22 leaves); original foliation: Cantus: [i], I-XXVI, XXVIII, XXVIII-XXXIX, XLI-XLIII, [XLIV] Tenor: [i], I- XXXIX, XLI-XLIII, [XLIV] Bassus: [i], I- XXXIX, XLI-XLIII, [XLIV]; paper dimensions: 150 x 215 mm; lacking the altus part book.$5Uk
=500  \\$aCopy at A.277.a. Digitised score at http://purl.org/rism/BI/1558/11.$5Uk
=500  \\$aThe book belongs to the 'notte negre' madrigal series, starting with RISM B/I 1542/17; thirteen editions, with revisions, have survived; for conflicting attributions see Bernstein: Music Printing, no. 65.
=500  \\$aTranscribed title page from cantus part book: IL PRIMO LIBRO, / DE MADRIGALI, / A QVATRO VOCI. / DE DIVERSI AVTORI. / A NOTTE NEGRE. / CON LA GIONTA DI QVATRO / Madrigali, Nouamente Ristampato & con / Somma Diligentia Corretto. / IN VINEGIA / MDLVIII.
=500  \\$aWith table of contents in alphabetical order.
=505  0\$aQual anima ignorante / Jachet Berchem -- Qual vista sara mai -- Per inhospiti boschi / Constanzo Festa -- Non veggi'ove scampar / FRANCISCUS ROSELLUS -- Vezzosi fiori / Uber Naich -- Cosi mi guid' amore / Archadelt -- La dove il sol piu tardi -- S'io credesi / Anselmo de Reulx -- Nasce fra l'herb'un fiore / Constanzo Festa -- Solea lontan in sonno / Francesco Rosello -- Madonna io son un medico perfetto / Ubert Naich -- Se la presentia vostra -- Tant'e l'ardor -- Qual fia'l dolor -- Nasce bella souvente / Yvo -- Dormend'un giorno / Ferabosco -- Benche la donna mia / Uber Naich -- Apri la porta hormai -- Donna gentil i bei vostri occhi ardenti / De incerto -- Che giova saettar -- Con lei fuss'io / Jaques de Ponte -- Che dolce piu -- Il capo d'Hydra / De incerto -- Quel si grave dolore / Archadelt -- Chi vuol veder crin d'oro / Jachet Berchem -- Da bei rami scendea / Archadelt -- Chi volesse saper / Adriano -- Quando son piu lontan / Jaques Berchem -- Amar un sol'amante / Jachet Berchem -- Quell'ardente desir / Jachet Berchem -- Io mi son gioveietta / Ferabosco -- Novo piacer, che nelli humani ingegni / Jachet Berchem -- Questi soavi fiori / Jaques Buus -- Io non so dir parole / Ferabosco -- Per Dio tu sei cortese / Ubert Naich -- Troppo scarsa madonna sete / Jachet Berchem -- Non ved' hoggi'l mio sole / P. Bracharaio -- Perche piu acerba / Verdelot -- Fammi sentir di quell'aura gentile (seconda parte: Aguaglia la speranza / Constazo Porta -- Temp'e da' incominciar -- Lasso ch'io non so ben l'hora.
=510  4\$aJ. Bernstein: Music Printing in Renaissance Venice: The Scotto Press, 1539-72 (New York, 1998),$cno. 163 and no. 65.
=500  \\$aOriginal is RISM B/I, 1558¹¹.
=546  \\$aItalian words.
=650  \0$aMadrigals, Italian.
=700  1\$aArcadelt, Jacob,$dapproximately 1505-1568,$ecomposer.
=700  0\$aIvo Barry,$dactive 1525-1550,$ecomposer.
=700  1\$aBerchem, Jachet de,$dactive 16th century,$ecomposer.
=700  1\$aBracharaio, Pietro,$ecomposer.
=700  1\$aBuus, Giacques,$d-1565,$ecomposer.
=700  1\$aFerrabosco, Domenico Maria,$d1513-1574,$ecomposer.
=700  1\$aFesta, Costanzo,$d-1545,$ecomposer.
=700  1\$aNaich, Hubert,$ecomposer.
=700  1\$aPonte, Giaches de,$dactive 16th century,$ecomposer.
=700  1\$aPorta, Costanzo,$d1528 or 1529-1601,$ecomposer.
=700  1\$aReulx, Anselmo de,$ecomposer.
=700  1\$aRoussel, François,$dapproximately 1510-$ecomposer.
=700  1\$aScotto, Girolamo,$eprinter.
=700  1\$aVerdelot, Philippe,$d-approximately 1565,$ecomposer.
=700  1\$aWillaert, Adrian,$d1490?-1562,$ecomposer.
=752  \\$aItaly$dVenice.$2lcsh/naf
=856  41$uhttp://purl.org/rism/BI/1558/11$yDigitised score
=859  \\$aXLD$bDCW
=852  4\$cDRT$jDigital Store A.277.a$aBritish Library$bMUSIC
=985  \\$aRecord amended for WR# 13/070
=985  \\$aauthority check: 130 based on LoC heading for libro 3.
=985  \\$aname title to add
=985  \\$aCorrected by MS generated file for WR# 1805-0738
=CAT  \\$aBATCH-DCW$b00$c20171027$lBLL01$h0215
=CAT  \\$a11814$b40$c20180919$lBLL01$h1041
=CAT  \\$aBATCH-UPD$b40$c20180919$lBLL01$h1041
=CAT  \\$a12274$b40$c20190109$lBLL01$h1552
=CAT  \\$a1805-0738$c20190121$lBLL01$h1743
=CAT  \\$a1805-0738$b00$c20190121$lBLL01$h1745
=FIN  \\$aY$d20171027
=LKR  \\$aPAR$lBLL01$r776$b004503313$mIl primo libro de madrigali, a quatro voci /$nIl primo libro de madrigali, a quatro voci /
=DGM  \\$a004503313$bCatBridge variable field
=DRT  \\$aDCW
=SRC  \\$aDCW$bDCW_20171026
=OHC  \\$a1
=LAS  \\$a1805-0738$b00$c20190121$lBLL01$h1745

