=LDR  04870 cm a22008057  4500
=001  018570966
=003  Uk
=005  20190109155258.0
=007  cr\mn\024mpada
=008  930323s1597\\\\it\||z\\s\\\\\\\\\\\ita\\
=FMT  \\$a  MU
=019  d\$aej13580009
=040  \\$aUk$beng$cUk
=041  \\$aita
=042  \\$aukblsr
=082  14$a780$215
=245  00$aMadrigali a tre voci /$cde diversi eccellentissimi autori.
=250  \\$aNovamente con ogni diligenza ristampati.
=264  \1$aVenetia :$bAppresso Angelo Gardano,$cMDLXXXXVII [1597]
=300  \\$a3 part books ;$c15 x 21 cm (oblong 4º)
=336  \\$anotated music$2rdacontent
=337  \\$acomputer$2rdamedia
=338  \\$aonline$2rdacarrier
=340  \\$m4to$2rdabf
=500  \\$aCollection of madrigals in 3 parts.
=500  \\$aCopy at A.277.f. Basso (16 leaves); original pagination: [i], 1-21, 20, 23-25, 28-29, 26, 29-30, [31]; paper dimensions: 144 x 205 mm.$5Uk
=500  \\$aCopy at A.277.f. Digitised score at http://purl.org/rism/BI/1597/16.$5Uk
=500  \\$aReprint of RISM B/I 1551/10.
=500  \\$aTitle from Basso part book.
=500  \\$aTranscribed title page from Basso part book: MADRIGALI A TRE VOCI / DE DIVERSI ECCELLENTISSIMI AVTORI / Nouamente con ogni diligenza ristampati. / LIBRO PRIMO. / In Venetia Appresso Angelo Gardano. / M. D. LXXXXVII.
=500  \\$aWith table of contents.
=505  0\$aS'el veder voi m'ancide / Adriano VVillaert -- Gravi pen'in amor (seconda parte: Io dico & dissi & dirò) / Cipriano Rore -- Tutto il dì piango (seconda parte: Lasso che pur da l'un a l'altro sole) / Cipriano Rore -- All'assalir della bramata Rocca / Lupachino -- Se per colpa del vostro fiero sdegno / Jhan Gero -- Dolci rime leggiadre / Giovan Nasco -- Ite caldi sospiri al fredo core (seconda parte: Dirsi puo ben) / Olivier -- Valle vicine & rupi / Animucia -- Amor che vedi ogni pensier aperto / Nadale -- Lieti felici spirti / Vincentio Ruffo -- Il nostro gran dolore / Vincentio Ruffo -- Alla dolc'ombra delle belle frondi / Jhan Gero -- Rare gratie celesti / Jhan Gero -- O Felice colui / Baldissera Donato -- Un lauro mi difes'all'hor dal cielo / Giachet Berchem -- Volgi gli occhi sereni / Jhan Gero -- Vel puo giurar amore / Vincentio Ferro -- Irato a sdegn'un giorno / Heliseo Ghibelli -- Ma perche vola il tempo / Francesco Portinaro -- Tempo verrà anchor forse / Archadelt -- Pensier che sovr'ogn'altro mio pensiero / Jhan Gero -- Perch'al viso d'amor / Lupachino -- Leggiadr' amanti / Jhan Gero -- Desio gentil che sopri ogni desire / Jhan Gero -- Le treccie d'or che devrien faríl sole / Jhan Gero -- Chi non fa prov'amore / Jhan Gero.
=510  4\$aA. Einstein, 'Bibliography of Italian Secular Vocal Music Printed between the Years 1500-1700, by Emil Vogel' (Tenth Installment), Notes, 5-1 (1947),$c65-96, no. 1597/7.
=510  4\$aM.S. Lewis: Antonio Gardano, Venetian Music Printer 1538-1569: a Descriptive Bibliography and Historical Study (New York, 1988-97),$cno. 162
=500  \\$aOriginal is RISM B/I,1597¹⁶.
=546  \\$aItalian words.
=650  \0$aMadrigals, Italian.
=700  1\$aAnimuccia, Paolo,$dapproximately 1500-1569,$ecomposer.
=700  1\$aArcadelt, Jacob,$dapproximately 1505-1568,$ecomposer.
=700  1\$aBerchem, Jachet de,$dactive 16th century,$ecomposer.
=700  1\$aDonato, Baldassare,$d-1603,$ecomposer.
=700  1\$aFerro, Vincenzo,$ecomposer.
=700  1\$aGardano, Angelo,$d1540-1611,$eprinter.
=700  1\$aGero, Ihan,$dactive 1540-1555,$ecomposer.
=700  1\$aGhibel, Heliseo,$ecomposer.
=700  1\$aLupacchino, Bernardino,$ecomposer.
=700  1\$aNadale,$ecomposer.
=700  1\$aNasco, Giovanni,$dapproximately 1510-1561,$ecomposer.
=700  1\$aPortinaro, Francesco,$dactive 16th century,$ecomposer.
=700  1\$aRore, Cipriano de,$d1515 or 1516-1565,$ecomposer.
=700  1\$aRuffo, Vincenzo,$dapproximately 1508-1587,$ecomposer.
=700  1\$aWillaert, Adrian,$d1490?-1562,$ecomposer.
=752  \\$aItaly$dVenice.$2lcsh/naf
=856  41$uhttp://purl.org/rism/BI/1597/16$yDigitised score
=859  \\$aXLD$bDCW
=852  4\$cDRT$jDigital Store A.277.f.$aBritish Library$bMUSIC
=985  \\$aRecord amended for WR# 13/070
=985  \\$aname title to add
=985  \\$aCorrected by MS generated file for WR# 1805-0738
=CAT  \\$aBATCH-DCW$b00$c20171027$lBLL01$h0215
=CAT  \\$a12274$b40$c20190109$lBLL01$h1552
=CAT  \\$a1805-0738$c20190121$lBLL01$h1743
=CAT  \\$a1805-0738$b00$c20190121$lBLL01$h1745
=FIN  \\$aY$d20171027
=LKR  \\$aPAR$lBLL01$r776$b004503319$mMadrigali a tre voci /$nMadrigali a tre voci /
=DGM  \\$a004503319$bCatBridge variable field
=DRT  \\$aDCW
=SRC  \\$aDCW$bDCW_20171026
=OHC  \\$a1
=LAS  \\$a1805-0738$b00$c20190121$lBLL01$h1745

