=LDR  04012 cm a22006977  4500
=001  018570967
=003  Uk
=005  20190109155339.0
=007  cr\mn\024mpada
=008  930323s1540\\\\it\||z\\s\\\\\\\\\\\lat\\
=FMT  \\$a  MU
=019  d\$afa13160020
=040  \\$aUk$beng$cUk
=041  \\$alat
=042  \\$aukblsr
=082  14$a780$215
=245  01$a[Excellentissimi musici Moralis Hispani Gomberti, ac Jacheti cum quatuor vocibus missae, novissime omni diligentia in lucem aeditae.]
=264  \1$a[Venetiis] :$bApud Hieronymum Scotum,$c[1540]
=300  \\$a4 part books ;$c16 x 22 cm (oblong 4º)
=336  \\$anotated music$2rdacontent
=337  \\$acomputer$2rdamedia
=338  \\$aonline$2rdacarrier
=340  \\$m4to$2rdabf
=500  \\$aCollection of five masses and two motets in four parts (SATB).
=500  \\$aCopy at A.296.d. Digitised score at http://purl.org/rism/BI/1540/4.$5Uk
=500  \\$aCopy at A.296.d. [CANTVS] (20 leaves), ALTVS (21 leaves), BASSVS (21 leaves); original foliation: Cantus: f. VII-XXVI, Altus: f. [i], VII-XXVI, Bassus: f. [i], VII-XXVI; paper dimenions: 158 x 220 mm.$5Uk
=500  \\$aTranscribed title page from altus and bassus part books: MISSAE CVM QVATVOR VOCIBUS, / Nouissime omni diligentia in lucem aeditae.
=500  \\$aTranscribed title page from cantus part book (transcribed from Bernstein: Music Printing, no. 11.): EXCELLENTISSIMI MVSICI / MORALIS HISPANI, GOMBERTI, AC IACHETI / CVM QVATVOR VOCIBVS / MISSAE, / Nouissime omni diligentia in lucem aeditae. / Quarum Missarum nomina sequens Pagina indicat. / LIBER PRIMVS. / VENETIIS / Apud Hieronymum Scotum / 1540.
=500  \\$aWith table of contents, which does not include the motets. Foliation starts on f. VII with the B gathering. The table of contents agrees with this numbering.
=505  0\$aMISSA DE BEATA VIRGINE Cum quatuor Vocibus / Morales -- MISSA AVE PRIMA SALVS cum Quatuor Vocibus / Jachet -- MISSA SANCTA MARIA cum Quatuor Vocibus / Gombert -- SANCTA MARIA / Verdelot -- MISSA IN ILLO TEMPORE cum Quatuor Vocibus / Jachet -- IN ILLO TEMPORE (Secunda pars: Propter hoc dimittet homo) / Joa[n] Mouton [no attribution in the cantus part book] -- MISSA DE MON TRISTE DESPLAISIR cum Quatuor Vocibus / Jachet.
=510  4\$aJ. Bernstein: Music Printing in Renaissance Venice: The Scotto Press, 1539-72 (New York, 1998),$cno. 11.
=500  \\$aOriginal is RISM B/I, 1540⁴.
=546  \\$aLatin words.
=650  \0$aMasses$vParts.
=650  \0$aMotets.
=700  0\$aJacquet,$cof Mantua,$d1483-1559,$ecomposer.
=700  1\$aGombert, Nicolas,$dactive 16th century,$ecomposer.
=700  1\$aMagri, Paolo,$eformer owner.$5Uk
=700  1\$aMorales, Cristóbal de,$dapproximately 1500-1553,$ecomposer.
=700  1\$aMouton, Jean,$d-1522,$ecomposer.
=700  1\$aScotto, Girolamo,$eprinter.
=700  1\$aVerdelot, Philippe,$d-approximately 1565,$ecomposer.
=752  \\$aItaly$dVenice$2lcsh/naf
=856  41$uhttp://purl.org/rism/BI/1540/4$yDigitised score
=859  \\$aXLD$bDCW
=852  4\$cDRT$jDigital Store A.296.d.$aBritish Library$bMUSIC
=985  \\$aEarly Music Online project
=985  \\$aRecord amended for WR# 13/070
=985  \\$aname title to add
=985  \\$aCorrected by MS generated file for WR# 1805-0738
=CAT  \\$aBATCH-DCW$b00$c20171027$lBLL01$h0215
=CAT  \\$a12274$b40$c20190109$lBLL01$h1553
=CAT  \\$a1805-0738$c20190121$lBLL01$h1743
=CAT  \\$a1805-0738$b00$c20190121$lBLL01$h1745
=FIN  \\$aY$d20171027
=LKR  \\$aPAR$lBLL01$r776$b004535156$m[Excellentissimi musici Moralis Hispani Gomberti, ac Jacheti cum quatuor vocibus missae, novissime omni diligentia in lucem aeditae.]$n[Excellentissimi musici Moralis Hispani Gomberti, ac Jacheti cum quatuor vocibus missae, novissime omni diligentia in lucem aeditae.]
=DGM  \\$a004535156$bCatBridge variable field
=DRT  \\$aDCW
=SRC  \\$aDCW$bDCW_20171026
=OHC  \\$a1
=LAS  \\$a1805-0738$b00$c20190121$lBLL01$h1745

