=LDR  02828 cm a22005777  4500
=001  018584004
=003  Uk
=005  20190109155411.0
=007  cr\mn\024mpada
=008  930308s1595\\\\fr\||z\\s\\\\\\\\\\\fre\\
=FMT  \\$a  MU
=019  d\$aac07720011
=040  \\$aUk$beng$cUk
=041  \\$afre
=042  \\$aukblsr
=082  14$a780$215
=245  00$aAirs mis en musique à quatre, & cinq, parties /$cde plusieurs autheurs.
=260  \\$aParis :$bPar Adrian le Roy, & la veufve R. Ballard,$c1595.
=300  \\$a[1 part book] ;$c9 x 14 cm (obl. 12o)
=336  \\$anotated music$2rdacontent
=337  \\$acomputer$2rdamedia
=338  \\$aonline$2rdacarrier
=500  \\$aCollection of airs in four and five parts.
=500  \\$aCopy at A.319. Digitised score at http://purl.org/rism/BI/1595/1.$5Uk
=500  \\$aCopy at A.319. Quinta pars (12 leaves; f. [1], 2-11, [12]); paper dimensions: 85 x 131 mm.$5Uk
=500  \\$aTranscribed title page from quinta part book: AIRS MIS EN MVSIQVE / à quatre, & cinq, parties: / de plusieurs autheurs. / A PARIS, / Rue sainct Iehan de beauuais / A l'enseigne du mont Parnasse. / M. D. XCV. / Par Adrian le Roy, & la veufue R. Ballard. / Imprimeurs du Roy. / Auec priuilege de sa magesté pour six ans.
=500  \\$aWith table of contents.
=505  0\$aQue je veux mal à mes yeux -- Ce sont de grandes sotises -- J'ayme la belle violette -- J'eusse bien voullu traiter -- J'adore uniquement -- Quel fruit espere tu -- Aussi tost qu'au point du jour -- J'aymeray tousiours ma Philis -- Aupres des beaux yeux de Philis -- Puis qu'il vo[us] plaist Philis.
=510  4\$aF. Lesure and G. Thibault: Bibliographie des éditions d'Adrian Le Roy et Robert Ballard (1551-1598) (Paris, 1955),$cno. 311
=500  \\$aOriginal is RISM B/I, 1595¹.
=546  \\$aFrench words.
=650  \0$aPolyphonic chansons$vParts
=700  1\$aBallard, Robert,$d-1588,$eprinter.
=700  1\$aLe Roy, Adrian,$dapproximately 1520-1598,$eprinter.
=710  2\$aAdrian Le Roy & Robert Ballard (Firm),$eprinter.
=752  \\$aFrance$dParis.$2lcsh/naf
=856  41$uhttp://purl.org/rism/BI/1595/1$yDigitised score
=859  \\$aXLD$bDCW
=852  4\$cDRT$jDigital Store A.319$aBritish Library$bMUSIC
=985  \\$aEarly Music Online project
=985  \\$aRecord amended for WR# 13/070
=985  \\$aname title to add
=CAT  \\$aBATCH-DCW$b00$c20171103$lBLL01$h0210
=CAT  \\$a12274$b40$c20190109$lBLL01$h1554
=FIN  \\$aY$d20171103
=LKR  \\$aPAR$lBLL01$r776$b004167204$mAirs mis en musique à quatre, & cinq, parties /$nAirs mis en musique à quatre, & cinq, parties /
=DGM  \\$a004167204$bCatBridge variable field
=DRT  \\$aDCW
=SRC  \\$aDCW$bDCW_20171102
=OHC  \\$a1
=LAS  \\$a12274$b40$c20190109$lBLL01$h1554

