=LDR  04938 cm a22006617  4500
=001  018584006
=003  Uk
=005  20190109155547.0
=007  cr\mn\024mpada
=008  930322s1565\\\\it\||z\\s\\\\\\\\\\\ita\\
=FMT  \\$a  MU
=019  d\$aef10350141
=040  \\$aUk$beng$cUk
=041  \\$aita
=042  \\$aukblsr
=082  14$a780$215
=100  1\$aLasso, Orlando di,$d1532-1594.
=240  10$aMadrigals,$mvoices (4),$nbook 1
=245  13$aIl primo libro di madrigali a quatro voci.$cDi Orlando di Lassus. Novamente per Antonio Gardano ristampati.
=264  \1$aIn Venetia :$bApresso di Antonio Gardano,$c1565.
=300  \\$a4 part books ;$c16 x 21 cm (oblong 4º)
=336  \\$anotated music$2rdacontent
=337  \\$acomputer$2rdamedia
=338  \\$aonline$2rdacarrier
=340  \\$m4to$2rdabf
=500  \\$aCollection of Italian madrigals in four parts (CATB).
=500  \\$aCopy at A.338.f. Canto (16 leaves) Alto (16 leaves) Tenore (16 leaves) Basso (16 leaves); original foliation: Canto: [i], 1-30, [31] Alto: [i], 1-30, [31] Tenore: [i], 1-30, [31] Basso: [i], 1-30, [31]; paper dimensions: 150 x 202 mm.$5Uk
=500  \\$aCopy at A.338.f. Digitised score at http://purl.org/rism/BI/1565/14.$5Uk
=500  \\$aTranscribed title page from canto part book: DI ORLANDO DI LASSVS / IL PRIMO LIBRO DI MADRIGALI / A Quatro uoci Nouamente per Antonio Gardano Ristampati. / A QVATRO VOCI / In Venetia Appresso di / Antonio Gardano. / 1565.
=500  \\$aWith table of contents at the end.
=505  0\$aCanzon d'incerto. Sovra una verde riva (seconda stanza: Apri l'uscio per tempo; terza stanza A 3: Valli vicini e rupi; quarta stanza: Nascan herbette'et fiori; quinta stanza: In questo di giocondo; sesta stanza: Mentre per questi monti andran le fier'errando; ultima stanza: Per cortesia canzon tu pregherai) / [Anon] -- Canzon. Giovane donna sott'un verde lauro (seconda stanza: Allhor saran i miei pensier a riva; terza stanza: Ma perche vola'l tempo e fuggon glianni; quarta stanza: Non fur giamai veduti; quinta stanza: I temo di cangiar pria volt'e chiome; sesta & ultima stanza: Dentro pur foc'et fuor candida neve) / Francesco Rosselli -- Occhi piangete accompagnate'il core / Orlando di Lassus -- Se ben l'empia mia sorte / Orlando di Lassus -- O del mio navigar fidata scorta / Costantio Porta.
=505  0\$aPer pianto la mia carne si distilla / Orlando di Lassus -- Vivo sol di speranza rimembrando / Orlando di Lassus -- Giovane donna i vaghi'e dolc'accenti -- Queste non son piu lagrime / Orlando di Lassus -- Canzon d'Orlando. Del freddo Rheno alla sinistra riva (seconda stanza: Ch'il credera perche lo dica'il sole; terza stanza: Rottava et e pur ver di puro foco; quarta stanza: Si fe cristallo il fium'e'n tale stato; quinta stanza: Et io qual fui restai senza la voce; sesta & ultima stanza: Hor su la nuda terr'hora su l'herbe) / Orlando -- Appariran per me le stell'in cielo / Orlandi di Lassus -- Non vi vieto per questo ch'avrei torto / Orlando di Lassus -- Donna s'amor e'in voi summo desio / Giovanni Lochemburgo -- Quanto'il mio duol senza conforto sia / Orlando di Lassus -- Quel si grave dolore ch'io senti nell'accerba mia partita / Giovanni Lochemburgo -- Se vi fur' & vi son' & saran sempre (risposta: S'in voi puo dirsi'haver posto cortesi) / Giovanni Lochemburgo -- Donna gentil l'alma bellezza vostra / Giovanni Lochemburgo -- Quando da voi madonna son lontano / Giovan Dominico de Nola -- Perch'io veggio e mi spiace / Orlando di Lassus -- Vatene lieta homai coppia d'amici / Orlando di Lassus --
=500  \\$aOriginal is RISM B/I, 1565¹⁴.
=546  \\$aItalian words.
=650  \0$aMadrigals, Italian.
=700  1\$aGardane, Antonio,$d1509-1569,$eprinter.
=700  1\$aLockenburg, Johannes,$d-1591 or 1592,$ecomposer.
=700  1\$aNola, Gian Domenico del Giovane da,$d-1592,$ecomposer.
=700  1\$aPorta, Costanzo,$d1528 or 1529-1601,$ecomposer.
=700  1\$aRoussel, François,$dapproximately 1510-$ecomposer.
=752  \\$aItaly$bVenice.$2lcsh/naf
=856  41$uhttp://purl.org/rism/BI/1565/14$yDigitised score
=859  \\$aXLD$bDCW
=852  4\$cDRT$jDigital Store A.338.f.$aBritish Library$bMUSIC
=985  \\$aRecord amended for WR# 13/070
=985  \\$aname title to add
=985  \\$aCorrected by MS generated file for WR# 1805-0738
=CAT  \\$aBATCH-DCW$b00$c20171103$lBLL01$h0210
=CAT  \\$a12274$b40$c20190109$lBLL01$h1555
=CAT  \\$a1805-0738$c20190121$lBLL01$h1743
=CAT  \\$a1805-0738$b00$c20190121$lBLL01$h1745
=FIN  \\$aY$d20171103
=LKR  \\$aPAR$lBLL01$r776$b004468724$mIl primo libro di madrigali a quatro voci.$nIl primo libro di madrigali a quatro voci.
=DGM  \\$a004468724$bCatBridge variable field
=DRT  \\$aDCW
=SRC  \\$aDCW$bDCW_20171102
=OHC  \\$a1
=LAS  \\$a1805-0738$b00$c20190121$lBLL01$h1745

