=LDR  04122 cm a22006737  4500
=001  018584007
=003  Uk
=005  20190710165714.0
=007  cr\mn\024mpada
=008  930322s1559\\\\it\||z\\s\\\\\\\\\\\ita\\
=FMT  \\$a  MU
=019  d\$aef10350145
=040  \\$aUk$beng$cUk
=041  \\$aita
=042  \\$aukblsr
=082  14$a780$215
=100  1\$aLasso, Orlando di,$d1532-1594.
=240  10$aMadrigals,$mvoices (5),$nbook 2
=245  13$aIl secondo libro di madrigali a cinque voci /$cdi Orlando di Lassus ; novamente per Antonio Gardano stampato.
=264  \1$aIn Venetia :$bAppresso di Antonio Gardano,$c1559.
=300  \\$a5 part books (1 v) ;$c15 x 22 cm (oblong 4º)
=336  \\$anotated music$2rdacontent
=337  \\$acomputer$2rdamedia
=338  \\$aonline$2rdacarrier
=340  \\$m4to$2rdabf
=500  \\$aCollection of madrigals in five parts.
=500  \\$aCopy at A.338.a. CANTO (12 leaves), ALTO (12 leaves), TENORE (12 leaves), BASSO (12 leaves), QVINTO (12 leaves); original pagination: Canto: [i-ii], 1-22, Alto: [i-ii], 1-22, Tenore: [i-ii], 1-22, Basso: [i-ii], 1-22, Quinto: [i-ii], 1-22; paper dimensions: 145 x 205 mm.$5Uk
=500  \\$aCopy at A.338.a. Digitised score at http://purl.org/rism/BI/1559/22.$5Uk
=500  \\$aPrevious edition: RISM B/I, 1557 ²².
=500  \\$aTranscribed title page from canto part book: DI ORLANDO DI LASSVS / IL SECONDO LIBRO DI MADRIGALI / A cinque Voci, Nouamente per Antonio Gardano stampato. / A CINQVE VOCI / In Venetia Apreßo di / Antonio Gardano. / 1559.
=500  \\$aWith a table of contents in the Alto, Tenore and Quinto part books.
=505  0\$aCANZON. Standomi un giorno (seconda parte: Indi per alto mar) (terza parte: In un boschetto) (quarta parte: Chiara fontana) (quinta parte: Una strania Fenice) (sesta part: Al fin vidd'io) / Orlando di Lassus -- Mentre fioriv'amor (seconda parte: Cosi aspettando) / Orlando di lassus -- Vostro fui vostro son / Orlando di Lassus -- Quel chiaro sol (seconda parte: Che se la vers') / Orlando di Lassus -- Quanto piu v'am'ogn hor (seconda parte: Nasca'in me dunq'ogn'hor nuovo desio) / Antonio Barre -- Evro gentil se d'amoroso ardore (seconda parte: Et in sembiante) / Orlando di lassus -- Volgi cor mio la tua speranza (seconda parte: Et a noi restara) / Orlando di lassus -- Ben si vedrà se la nemica mia / Hector Vidue -- Questi ch'inditio fan / Orlando di Lassus -- In dubbio di mio / Paulo Animuccia -- In qual parte del ciel (seconda parte: Per divina bellezza) / Orlando di Lassus -- Io son si stanco sotto il grave peso (seconda parte: Hora per far) / Orlando di Lassus -- Candid'allhor del ciel / Orlando di Lassus.
=510  4\$aM.S. Lewis: Antonio Gardano, Venetian Music Printer 1538-1569: a Descriptive Bibliography and Historical Study (New York, 1988-97),$cno. 245.
=510  4\$aRISM B/I,$c1559 ²²
=546  \\$aItalian words.
=650  \0$aMadrigals, Italian.
=700  1\$aAnimuccia, Paolo,$dapproximately 1500-1569,$ecomposer.
=700  1\$aBarré, Antonio,$dactive 1551-1564,$ecomposer.
=700  1\$aGardane, Antonio,$d1509-1569,$eprinter.
=700  1\$aLasso, Orlando di,$d1532-1594,$ecomposer.
=700  1\$aVidue, Hector,$ecomposer.
=752  \\$aItaly$dVenice.$2lcsh/naf
=856  41$uhttp://purl.org/rism/BI/1559/22$yDigitised score
=859  \\$aXLD$bDCW
=852  4\$cDRT$jDigital Store A.338.a.$aBritish Library$bMUSIC
=985  \\$aRecord amended for WR# 13/070
=985  \\$aname title to add
=985  \\$aCorrected by MS generated file for WR# 1805-0738
=CAT  \\$aBATCH-DCW$b00$c20171103$lBLL01$h0210
=CAT  \\$a1805-0738$c20190111$lBLL01$h1806
=CAT  \\$a1805-0738$b00$c20190111$lBLL01$h1828
=CAT  \\$a12274$b40$c20190710$lBLL01$h1657
=FIN  \\$aY$d20171103
=LKR  \\$aPAR$lBLL01$r776$b004468728$mIl secondo libro di madrigali a cinque voci /$nIl secondo libro di madrigali a cinque voci /
=DGM  \\$a004468728$bCatBridge variable field
=DRT  \\$aDCW
=SRC  \\$aDCW$bDCW_20171102
=OHC  \\$a1
=LAS  \\$a12274$b40$c20190710$lBLL01$h1657

