=LDR  04625 cm a22006737  4500
=001  018584008
=003  Uk
=005  20171103021020.0
=007  cr\mn\024mpada
=008  930323s1555\\\\it\||z\\s\\\\\\\\\\\ita\\
=FMT  \\$a  MU
=019  d\$afc06830004
=040  \\$aUk$beng$cUk
=041  \\$aita
=042  \\$aukblsr
=082  14$a780$215
=130  0\$aMuse a 5 voci,$nlibro 1
=245  13$aIl primo libro de le muse a cinque voci /$ccomposto da diversi eccellentissimi musici novamente per Antonio Gardano stampati & corretti con la gionta d'una canzon & uno madregale a otto voci.
=264  \1$aVenetia :$bApresso di Antonio Gardano,$c1555.
=300  \\$a5 part books ;$c17 x 22 cm (oblong 4º)
=336  \\$anotated music$2rdacontent
=337  \\$acomputer$2rdamedia
=338  \\$aonline$2rdacarrier
=340  \\$m4to$2rdabf
=500  \\$aCollection of canzoni and madrigals in 5 parts (SATB5) except for the last two pieces and some sections of the canzoni, which are in 3, 4 and 6 parts, as indicated in the titles.
=500  \\$aCopy at A.342. CANTVS (16 leaves) TENOR (16 leaves) QVINTVS (16 leaves); original foliation: Cantus: [i], 1-30, [31] Tenor: [i], 1-30, [31] Quintus: [i], 1-30, [31]; paper dimensions: 146 x 204; lacking the alto and basso part books.$5Uk
=500  \\$aCopy at A.342. Digitised score at http://purl.org/rism/BI/1555/25.$5Uk
=500  \\$aFirst published as RISM B/I 1555 ²⁶.
=500  \\$aTitle from Cantus part book.
=500  \\$aTranscribed title page from cantus part book: IL PRIMO LIBRO DE LE MVSE / A CINQVE VOCI COMPOSTO DA DIVERSI / Eccellentissimi Musici Nouamente per Antonio Gardano stampati & corretti / Con la gionta d'una Canzon & uno Madregale a otto uoci. / A CINQVE VOCI / In Venetia apresso di / Antonio Gardano. / 1555.
=500  \\$aWith table of contents.
=505  0\$aChiare fresch'e dolci acque (seconda parte, a4: S'eglie pur mio destino) (terza parte, a3: Tempo verr'anchor) (quarta parte, a4: Da bei rami scendea) (quinta parte: Quante volte diss'io) / Archadelt -- A la dolc'ombra (seconda parte: Non vid'il mondo) (terza parte, a3: Un lauro mi difes'all'hor) (quarta parte, a4: Pero piu ferm'ogn'hor) (quinta parte: Selve sassi campagne fiumi) (sesta parte, a6: Tanto mi piacque prima) / Giachet Berchem -- Per pianto la mia carne (seconda parte: Hor pensat'al mio mal) (terza parte: Si m'e dolc'il tormento) (quarta parte: Cosi vuol mia ventura) / Vicentio Ruffo -- Sestina. Hai lass'io mi credea (seconda parte: O miracol d'amor) (terza parte: Ma s'io non posso piu fuggir) (quarta parte, a4: Ma piu tosto vorrei) (quinta parte: Deh s'io sentiss'un di men cald'i raggi) (sesta parte: Quanto sarei felice) / Giachet Berchem -- Amor la bella face (seconda parte: Tu vedi ben'hor come) (terza parte, a4: Gl'alti e divin pensieri) (quarta parte, a4: Ben'io tosto m'accorsi) (quinta parte: Onde sempre rivolto) (sesta parte, a6: Ma ci volo che volse) (settima parte, a6: Canzon s'alcun m'accusa) / Antonio Barre -- Dialogo, a6. Deh fuss'il ver che miei fusser / Antonio Barré [from the table of contents] -- Madonna hor che direte, a8.
=510  4\$aM.S. Lewis: Antonio Gardano, Venetian Music Printer 1538-1569: a Descriptive Bibliography and Historical Study (New York, 1988-97),$cno. 212
=510  4\$aRISM B/I,$c1555 ²⁵
=546  \\$aItalian words.
=650  \0$aMadrigals, Italian.
=650  \0$aPart songs, Italian.
=700  1\$aArcadelt, Jacob,$dapproximately 1505-1568,$ecomposer.
=700  1\$aBarré, Antonio,$dactive 1551-1564,$ecomposer.
=700  1\$aBerchem, Jachet de,$dactive 16th century,$ecomposer.
=700  1\$aGardane, Antonio,$d1509-1569,$eprinter.
=700  1\$aRuffo, Vincenzo,$dapproximately 1508-1587,$ecomposer.
=752  \\$aItaly$dVenice.$2lcsh/naf
=856  41$uhttp://purl.org/rism/BI/1555/25$yDigitised score
=859  \\$aXLD$bDCW
=852  4\$cDRT$jDigital Store A.342.$aBritish Library$bMUSIC
=985  \\$aRecord amended for WR# 13/070
=985  \\$aname title to add
=985  \\$aCorrected by MS generated file for WR# 1805-0738
=CAT  \\$aBATCH-DCW$b00$c20171103$lBLL01$h0210
=CAT  \\$a1805-0738$c20190111$lBLL01$h1806
=CAT  \\$a1805-0738$b00$c20190111$lBLL01$h1828
=FIN  \\$aY$d20171103
=LKR  \\$aPAR$lBLL01$r776$b004547378$mIl primo libro de le muse a cinque voci /$nIl primo libro de le muse a cinque voci /
=DGM  \\$a004547378$bCatBridge variable field
=DRT  \\$aDCW
=SRC  \\$aDCW$bDCW_20171102
=OHC  \\$a1
=LAS  \\$a1805-0738$b00$c20190111$lBLL01$h1828

