=LDR  05440ccm a22007697  4500
=001  018584009
=003  Uk
=005  20230202121602.0
=007  cr\mn\024mpada
=008  930323s1558\\\\it\||z\\s\\\\\\\\\\\ita\\
=FMT  \\$a  MU
=019  d\$afc06830008
=040  \\$aUk$beng$cUk
=041  \\$aita
=042  \\$aukblsr
=082  14$a780$215
=130  0\$aMuse a 4 voci,$nlibro 1
=245  10$aMadrigali aierosi a quatro voci /$ccomposti da diversi eccell. autori, nuovamente con somma diligenza stampati. Libro primo delle muse a quatro voci.
=264  \1$aIn Vinegia :$bAppresso Girolamo Scoto,$cMDLVIII [1558]
=300  \\$a4 part books ;$c16 x 22 cm (oblong 4º)
=336  \\$anotated music$2rdacontent
=337  \\$acomputer$2rdamedia
=338  \\$aonline$2rdacarrier
=340  \\$m4to$2rdabf
=500  \\$aCollection of Italian madrigals in four parts (CATB).
=500  \\$aCopy at A.346. Canto (16 leaves) Tenore (16 leaves) Basso (16 leaves); original foliation: Canto: [i], i-xxx, [xxxi] p. Tenore: [i], i-xxx, [xxxi] p. Basso: [i], i-xxx, [xxxi] p.; paper dimensions: 150 x 213 mm.$5Uk
=500  \\$aCopy at A.346. Digitised score at http://purl.org/rism/BI/1558/12.$5Uk
=500  \\$aTranscribed title page from canto part book: MADRIGALI AIEROSI / A QVATRO VOCI / COMPOSTI DA DIVERSI ECCELL. AVTORI, / NVOVAMENTE CON SOMMA / DILIGENZA STAMPATI. / Libro primo delle Muse a quatro uoci. / In Vinegia, Appresso Girolamo Scoto. / M D LVIII.
=500  \\$aWith table of contents at the end.
=500  \\$a'L'aura celeste che si dolcemente' is attributed to Giovanni Nasco in the 1565 Gardano reprint, RISM B/I, 1565 ¹⁰.
=505  0\$aDunque fia ver dicea che mi convegna (seconda stanza: Sa quest'altier ch'io l'am'et ch'io l'adoro; terza stanza: Deh ferm'Amor costui ch'e cosi sciolto; quarta stanza: Ma di che debbo lamentarmi hai lassa) / Antonio Barre -- L'aer gravato'e l'importuna nebbia / Archadelt -- Carco di tanti'honori'il signor mio / Vincenzo Ferro -- Fedel qual sempre fui tal esser voglio (seconda parte: Scarpello si vedra di piomb'o lima) / Ghiselino Danchers -- Deh come bella sete Gentil madonna mia / Vincenzo Ferro - Chi brama'udir tra noi Del ciel le glorie vere / Vincenzo Ferro -- Non e pena maggior cortesi amanti / Antonio Barre -- Ben si vedra se la nemica mia / -- Poi che per ben amar porto tormento -- Miser in van mi dogli' e mi lamento / Julio Tostolo -- Quanto piu miro fiso Le maraviglie / Vincenzo Ferro -- S'altri s'afflig'et duole Dell'amorose pene / Anselmo -- Ne cosi bell'il sol giamai levarsi -- Occhi leggiadri amorosetti e gravi (seconda parte: Amorose mammelle Degne di piu di mille dolci basci; terza parte: O dolce mia nemica) / Lupachino -- Il dolce sonno mi promise pace / Lupacchino -- Tosto ch'il sol si scopr'in oriente / Joan Domenico di Nolla -- Sia vil a gl'altri e da quel sol amata / Alessandrino -- Ohime dov'el mio sole Che le tenebre mie facea si chiare / Lamberto -- Deh perche ciel non od'i miei lamenti -- Chiudimi gl'occhi amore Accio che cosi chiaro / Vincenzo Ruffo -- Mille sospir la nott'e mille'l giorno -- Chiara si chiaro e de vostr'occhi'l sole / Vincenzo Ferro -- Quel viso'ov'e l'albergo del mio core -- Come nave ch'in mezo'all'onde sia -- Cosi son'io nel piant'aspr'et amaro -- L'aura celeste che si dolcemente (seconda parte: Et io che sempre desioso e intento) -- Cosi soav' e'l fuoco e dolc'il laccio / Il Caldarino -- S'all'hor che piu sperai da voi conforto / Paulo Animuccia.
=510  4\$aRISM B/I,$c1558 ¹²
=546  \\$aItalian words.
=650  \0$aMadrigals, Italian.
=700  1\$aAlessandrino,$dactive 16th century,$ecomposer.
=700  1\$aAnimuccia, Paolo,$dapproximately 1500-1569,$ecomposer.
=700  1\$aArcadelt, Jacob,$dapproximately 1505-1568,$ecomposer.
=700  1\$aBarré, Antonio,$dactive 1551-1564,$ecomposer.
=700  1\$aCaldarino, Giovanni Francesco,$ecomposer.
=700  1\$aCourtois, Lambert,$dactive 1542-1583,$ecomposer.
=700  1\$aDanckerts, Ghiselin,$dapproximately 1510-$ecomposer.
=700  1\$aFerro, Vicenzo,$ecomposer.
=700  1\$aLupacchino, Bernardino,$ecomposer.
=700  1\$aNasco, Giovanni,$dapproximately 1510-1561,$ecomposer.
=700  1\$aNola, Gian Domenico del Giovane da,$d-1592,$ecomposer.
=700  1\$aReulx, Anselmo de,$dactive 1524-1557,$ecomposer.
=700  1\$aRuffo, Vincenzo,$d1749-1794,$ecomposer.
=700  1\$aScotto, Girolamo,$eprinter.
=700  1\$aTostolo, Giulian,$ecomposer.
=752  \\$aItaly$dVenice.$2lcsh/naf
=856  41$uhttp://purl.org/rism/BI/1558/12$yDigitised score
=859  \\$aXLD$bDCW
=852  4\$cDRT$jDigital Store A.346$aBritish Library$bMUSIC
=985  \\$aRecord amended for WR# 13/070
=985  \\$aname title to add
=985  \\$aCorrected by MS generated file for WR# 1805-0738
=CAT  \\$aBATCH-DCW$b00$c20171103$lBLL01$h0210
=CAT  \\$a1805-0738$c20190111$lBLL01$h1806
=CAT  \\$a1805-0738$b00$c20190111$lBLL01$h1828
=CAT  \\$aMFISHER$b40$c20230202$lBLL01$h1216
=FIN  \\$aY$d20171103
=LKR  \\$aPAR$lBLL01$r776$b004547382$mMadrigali aierosi a quatro voci /$nMadrigali aierosi a quatro voci /
=DGM  \\$a004547382$bCatBridge variable field
=DRT  \\$aDCW
=SRC  \\$aDCW$bDCW_20171102
=OHC  \\$a1
=LAS  \\$aMFISHER$b40$c20230202$lBLL01$h1216

