=LDR  08020 cm a22009137  4500
=001  018584011
=003  Uk
=005  20171103021020.0
=007  cr\mn\024mpada
=008  930325s1591\\\\be\||z\\s\\\\\\\\\\\ita\\
=FMT  \\$a  MU
=019  d\$afg06100010
=040  \\$aUk$beng$cUk
=041  \\$aita$gita
=042  \\$aukblsr
=082  14$a780$215
=130  0\$aMusica divina (Phalèse)
=245  10$aMusica divina /$cdi xix. autori illustri, a iiii. v. vi. et vii. voci, nuovamente raccolta da Pietro Phalesio, et data in luce. Nella quale si contengono i più eccellenti madrigal che hoggidi si cantino.
=264  \1$aIn Anversa :$bappresso Pietro Phalesio & Giovanni Bellero,$c1591.
=300  \\$a6 part books ;$c16 x 22 cm (oblong 4º)
=336  \\$anotated music$2rdacontent
=337  \\$acomputer$2rdamedia
=338  \\$aonline$2rdacarrier
=340  \\$m4to$2rdabf
=500  \\$aCollection of four-, five-, six-, and seven-part Italian madrigals.
=500  \\$aCopy at A.324.c. Canto (36 leaves), Alto (36 leaves), Tenore (36 leaves), Basso (36 leaves), Quinto (28 leaves); Canto, Alto, Tenore, Basso: [1]-35, [36] fols. Quinto: [1], 10-35, [36] fols.; paper dimensions: 162 x 213 mm.$5Uk
=500  \\$aCopy at A.324.c. Digitised score at http://purl.org/rism/BI/1591/11.$5Uk
=500  \\$aTranscribed title page from canto part book: MVSICA DIVINA / DI XIX. AVTORI ILLVSTRI, / A IIII. V. VI. ET VII. VOCI, NVOVAMENTE / RACCOLTA DA PIETRO PHALESIO, ET DATA IN LVCE. / Nella quale si contengono i più Eccellenti Madrigali / che hoggidi si cantino. / CANTO. / IN ANVERSA. / Appresso Pietro Phalesio & Giouanni Bellero. / 1591.
=500  \\$aWith a dedication to Giovabattista Di Bartolamei in Italian.
=500  \\$aWith table of contents at the back.
=505  0\$aAl Molto Mag. S. Giovanni Battista di Bartolamei. Fra l'altre virtu con si grand'ardore / A. Pevernage -- Poi ch'el mio largo pianto / Orlando di Lasso -- Io mi son giovenett'et volentieri / Ferabosco -- Amor che deggio far che mi consigli -- Gionto m'hamor fra bell'e crude braccia -- Gia fu chi m'hebbe cara -- Dolce contrade, o chiusi e chete valli / Spirito da Reggio -- Con lei fuss'io da che si part'il sole / Giaches de Ponto -- Qual piu crudel martire dar mi potev'amore -- Alma ben nata se mi duol / Filippo de Monte -- Amor quando m'invia a mirar la mia donna -- Anchor che col partire, io mi sento morire / Cypriano de Rore -- Quando da gli occhi del divin mio sole / Filippo de Monte -- Da bei rami scendea / Filippo de Monte -- Non al suo amante piu Diana piacque / Gio. de Macque -- Amor e'l ver fu meco / Giovanni de Macque -- Chi per voi non sospira / Noe Faignient -- Ditemi o Diva mia / Gironimo Vespa -- Morir non puo'el core e' ucciderlo (risposta: Morir puo'l vostro core) / Gio. Maria Nanino -- Scoprirò l'ardor mio con dir ch'io moro (seconda parte: Se voi set'il mio sol) / Gio. Maria Nanino -- Ma se tempo gia mai verra / Giro. Converso -- Ahi chi mi romp'il sono (seconda parte: Di ch'ella mosso in guiderdon di questa tua fede) / Filippo de Monte -- Cara la vita mia e gl'e pur vero / Giaches de VVert -- Par mi veder la bella donna mia / Noe Fagnient -- Erano i capei d'or à l'aura sparsi (seconda parte: Non era l'audar [laudar] Ma d'angelica forma) / Gio. Maria Nanino -- Vestiva i colli e le campagn'intorno (seconda parte: Cosi le chiome mie suavemente) / Giannetto Palestina -- Caro dolce ben mio perche fuggire / Andrea Gabrieli -- Ogni loco mi porge dogli e pianto (seconda parte: Poscia che per mio mal vi son) -- Sappi signor che Lidia son io / Pietro Vinci -- Sola soletta i me ne vo / Giro. Converso --
=505  0\$aChi fara fed'al cielo / Alessandro Striggio -- Liquide perle' amor da gl'occhi sparse / Luca Marenzio -- Sei tanto gratiosa e tanto bella / Giovan Ferretti -- Donna crudel tu m'hai rubat'il core / Giovan Ferretti -- Come poss'io morir se non ho vita / Gio. Ferretti -- Di coralli e di perle / Gio. de Macque -- Sedendo in su l'arena / Gio. de Macque -- Non so s'Amor m'inganna (seconda parte: Anzi no ch'ombr'e sol; terza parte: Cessi pur l'ombr'e'l timor) / Stefano Felis -- Il vag'e lieto aspetto / Gio. de Macque -- Amorosi pensieri lagrim'amare mie / Filippo de Monte -- Moriro di dolor prima ch'io veggia / Gio. de Macque -- Se pensand'al partir / Gio. Pietro Manenti -- Questa sera gentil che scherz'e fugge / Giovan Ferretti -- Partirò dunque E per che mi s'asconde / Alessandro Striggio -- Su sù sù non piu dormir / Gio. Ferretti -- Ecco ch'io lass'il core -- La dolce vist'a me si dolcemente / Filippo de Monte -- Poi ch'el mio largo pianto / Filippo de Monte -- Corrette tutti quanti / Gio. Ferretti -- Leggiadre Ninfe e pargolett'amori (seconda parte: Il dolc'e desiato frutt'ho colto) / Filippo de Monte -- Alla mia dolce e vaga Donn'intorno / Alessandro Striggio -- Di pensier in pensier di mont'in monte / Orlando di Lasso -- Non rumor di tamburi o son di trombe / Alessandro Striggio -- Fra belle Ninfe in un bel prato adorno / Gio. de Macque -- Di faville d'Amor di riverenza / Stefano Felis -- Anima dove vai dove mi lassi / Filippo de Monte -- Ansi da lui deriva furor / Filippo de Monte.
=510  4\$aRISM B/I,$c1591 ¹¹
=510  4\$aSusan Lewis Hammond, 'Selling the madrigal: Pierre Phalèse II and the four 'Antwerp anthologies', Yearbook of the Alamire Foundation, 6 (2008),$c225-252.
=546  \\$aItalian words.
=650  \0$aMadrigals, Italian.
=700  0\$aGiovabattista$cdi Bartolamei,$ededicatee.
=700  1\$aBeller, Jean,$d1526-1595,$eprinter.
=700  1\$aConversi, Girolamo,$dactive 1571-1575,$ecomposer.
=700  1\$aFaignient, Noé,$dactive 1560-1600,$ecomposer.
=700  1\$aFelis, Stefano,$dapproximately 1550-approximately 1603,$ecomposer.
=700  1\$aFerrabosco, Domenico Maria,$d1513-1574,$ecomposer.
=700  1\$aFerretti, Giovanni,$dapproximately 1540-approximately 1609,$ecomposer.
=700  1\$aGabrieli, Andrea,$dapproximately 1533-1585,$ecomposer.
=700  1\$aLasso, Orlando di,$d1532-1594,$ecomposer.
=700  1\$aMacque, Giovanni de,$dapproximately 1550-1614,$ecomposer.
=700  1\$aManenti, Giovan Piero,$ecomposer.
=700  1\$aMarenzio, Luca,$d1553-1599,$ecomposer.
=700  1\$aMonte, Philippe de,$d1521-1603,$ecomposer.
=700  1\$aNanino, Giovanni Maria,$d1543 or 1544-1607,$ecomposer.
=700  1\$aPalestrina, Giovanni Pierluigi da,$d1525?-1594,$ecomposer.
=700  1\$aPevernage, André,$d1542 or 1543-1591,$ecomposer.
=700  1\$aPhalèse, Pierre,$dapproximately 1550-1629,$eeditor,$eprinter.
=700  1\$aPonte, Giaches de,$dactive 16th century,$ecomposer.
=700  1\$aPratoneri, Gaspero,$dactive 1566-1595,$ecomposer.
=700  1\$aRore, Cipriano de,$d1515 or 1516-1565,$ecomposer.
=700  1\$aStriggio, Alessandro,$d1536 or 1537-1592,$ecomposer.
=700  1\$aVespa, Geronimo,$dapproximately 1540-$ecomposer.
=700  1\$aVinci, Pietro,$dapproximately 1535-1584,$ecomposer.
=700  1\$aWert, Giaches de,$d1535-1596,$ecomposer.
=752  \\$aBelgium$dAntwerp$2lcsh/naf
=856  41$uhttp://purl.org/rism/BI/1591/11$yDigitised score
=859  \\$aXLD$bDCW
=852  4\$cDRT$jDigital Store A.324.c.$aBritish Library$bMUSIC
=985  \\$aEarly Music Online project
=985  \\$aRecord amended for WR# 13/070
=985  \\$aname title to add
=985  \\$aCorrected by MS generated file for WR# 1805-0738
=CAT  \\$aBATCH-DCW$b00$c20171103$lBLL01$h0210
=CAT  \\$a1805-0738$c20190111$lBLL01$h1806
=CAT  \\$a1805-0738$b00$c20190111$lBLL01$h1828
=CAT  \\$aBATCH-UPD$b00$c20191002$lBLL01$h1357
=FIN  \\$aY$d20171103
=LKR  \\$aPAR$lBLL01$r776$b004579300$mMusica divina /$nMusica divina /
=DGM  \\$a004579300$bCatBridge variable field
=DRT  \\$aDCW
=SRC  \\$aDCW$bDCW_20171102
=OHC  \\$a1
=LAS  \\$aBATCH-UPD$b00$c20191002$lBLL01$h1357

