=LDR  04230 cm a22006737  4500
=001  018584012
=003  Uk
=005  20171103021020.0
=007  cr\mn\024mpada
=008  930325s1599\\\\be\||z\\s\\\\\\\\\\\lat\\
=FMT  \\$a  MU
=019  d\$afg26380001
=040  \\$aUk$beng$cUk
=042  \\$aukblsr
=082  14$a780$215
=245  00$aSelectissimarum missarum flores :$bex praestantissimis nostrae aetatis authoribus quatuor, quinque, sex et plurium vocum collecti: et ad ecclesiae catholicae usum ordine decenti dispositi /$copera D. Matthiae Pottier cathedralis eccesiae D. Marie Antuerpiensis phonasci. Massarum & authorum nomina versa pagina repperies.
=264  \1$aAntwerpiae :$bEx typographia Petri Phalesij,$cMDXCIX [1599]
=300  \\$a6 part books ;$c19 x 23 cm (oblong 4º)
=336  \\$anotated music$2rdacontent
=337  \\$acomputer$2rdamedia
=338  \\$aonline$2rdacarrier
=340  \\$m4to$2rdabf
=500  \\$aCollection of masses in 4-8 parts; the first 2 for 4 voices, numbers 3-5 are for 5 voices, numbers 6-7 are for 6 voices and the last mass is for 8 voices in two choirs.
=500  \\$aCopy at A.64. ALTVS (36 leaves), BASSVS (32 leaves), QVINTVS (30 leaves); paper dimensions: 156 x 199 mm.$5Uk
=500  \\$aCopy at A.64. Digitised score at http://purl.org/rism/BI/1599/1.$5Uk
=500  \\$aTitle from Altus part book.
=500  \\$aTranscribed title page from Altus part book: SELECTISSIMARVM / MISSARVM FLORES, EX / PRAESTANTISSIMIS NOSTRAE AETATIS / AVTHORIBVS QVATVOR, QVINQVE, SEX ET / plurium Vocum Collecti: Et ad Ecclesiae Catholicae vsum ordine / decenti dispositi/ Opera D. Matthiae Pottier Cathedralis Ecclesiae D. Marie / Antuerpiensis Phonasci. / Missarum & Authorum Nomina Versa pagina repperies. / ALTVS. / ANTVERPIAE. / Ex typographia Musica Petri Phalesij M.D.XCIX.
=500  \\$aWith table of contents in Bassus part book.
=505  0\$aMissa Cantabo Domino / Ludovici Viadanae -- Missa Ad placitum / Orlandi Lassi -- Missa sacredos et Pontifex / Jo. Petri Aloysii Praenestini -- Missa sine nomine / Mathiae Pottier -- Missa sexti toni / Orlandi Lassi -- Missa sagitta jonathae / Tiburtii Massaini -- Missa primi toni / Matthaei Asulae -- Missa decantabat / Jo. Croce.
=510  4\$aRISM B/I,$c1599 ¹
=546  \\$aLatin words.
=650  \0$aMasses, Unaccompanied.
=700  1\$aPhalèse, Pierre,$dapproximately 1550-1629,$eprinter.
=700  1\$aVan Winghe, Hieronymo,$ededicatee.
=700  12$aAsola, Giovanni Matteo,$d-1609.$tMissa Primi toni.
=700  12$aCroce, Giovanni,$dapproximately 1557-1609.$tMissa Decantabat populus.
=700  12$aLasso, Orlando di,$d1532-1594.$tMissa Ad placitum.
=700  12$aLasso, Orlando di,$d1532-1594.$tMissa Sexti toni.
=700  12$aMassaino, Tiburtio,$dapproximately 1550-approximately 1609.$tMissa Sine nomine.
=700  12$aPalestrina, Giovanni Pierluigi da,$d1525?-1594.$tMasses,$nbook 7.$pMissa Sacerdos et pontifex.
=700  12$aPottier, Matthias,$dapproximately 1553-1629.$tMissa sine nomine.
=700  12$aViadana, Lodovico da,$dapproximately 1560-1627.$tMissa Cantabo Domino.
=752  \\$aBelgium$dAntwerp.$2lcsh/naf
=856  41$uhttp://purl.org/rism/BI/1599/1$yDigitised score
=859  \\$aXLD$bDCW
=852  4\$cDRT$jDigital Store A.64.$aBritish Library$bMUSIC
=985  \\$aRecord amended for WR# 13/070
=985  \\$aname title to add
=985  \\$aCorrected by MS generated file for WR# 1805-0738
=CAT  \\$aBATCH-DCW$b00$c20171103$lBLL01$h0210
=CAT  \\$a1805-0738$c20190111$lBLL01$h1806
=CAT  \\$a1805-0738$b00$c20190111$lBLL01$h1828
=FIN  \\$aY$d20171103
=LKR  \\$aPAR$lBLL01$r776$b004587450$mSelectissimarum missarum flores : ex praestantissimis nostrae aetatis authoribus quatuor, quinque, sex et plurium vocum collecti: et ad ecclesiae catholicae usum ordine decenti dispositi /$nSelectissimarum missarum flores : ex praestantissimis nostrae aetatis authoribus quatuor, quinque, sex et plurium vocum collecti: et ad ecclesiae catholicae usum ordine decenti dispositi /
=DGM  \\$a004587450$bCatBridge variable field
=DRT  \\$aDCW
=SRC  \\$aDCW$bDCW_20171102
=OHC  \\$a1
=LAS  \\$a1805-0738$b00$c20190111$lBLL01$h1828

