=LDR  05512 cm a22007697  4500
=001  018584013
=003  Uk
=005  20171103021020.0
=007  cr\mn\024mpada
=008  930329s1544\\\\it\||z\\s\\\\\\\\\\\ita\\
=FMT  \\$a  MU
=019  d\$afm00670013
=040  \\$aUk$beng$cUk
=041  \\$aita
=042  \\$aukblsr
=082  14$a780$215
=100  1\$aRore, Cipriano de,$d1515 or 1516-1565.
=240  10$aMadrigals,$mvoices (5),$nbook 2
=245  13$aIl secondo libro de madrigali a cinque voci insieme alcuni /$cdi M. Adriano et altri autori a misura comune novamente posti in luce a cinque voci. Di Cipriano.
=264  \1$aVenetijs :$bApud Antonium Gardane,$c1544.
=300  \\$a5 part books ;$c16 x 21 cm (oblong 4º)
=336  \\$anotated music$2rdacontent
=337  \\$acomputer$2rdamedia
=338  \\$aonline$2rdacarrier
=340  \\$m4to$2rdabf
=500  \\$aCollection of madrigals in five parts SATBQ by Rore and others.
=500  \\$aColophon: 'Se Vendeno in Venetia Per Antonio Gardane Libraro E Impressor De Musica Al Segno Del Lion E l'Osso'.
=500  \\$aCopy at A.70.b. CANTVS (20 leaves), ALTVS (20 leaves), TENOR (20 leaves), BASSVS (20 leaves) , QVINTUS (20 leaves); original foliation: Cantus: [i], I-XXXVIII, [XXXIX] Altus: [i], I-XXXVIII, [XXXIX] Tenor: [i], I-XXXVIII, [XXXIX] Bassus: [i], I-XXXVIII, [XXXIX] Quintus: [i], I-XXXVIII, [XXXIX]; paper dimensions: 145 x 207 mm.$5Uk
=500  \\$aCopy at A.70.b. Digitised score at http://purl.org/rism/BI/1544/17.$5Uk
=500  \\$aTable of contents in each part book except the bassus. The table bears the heading 'TAVOLA Delli Madrigali Numero 27' (there are 27 madrigals in the edition).
=500  \\$aTranscribed title page from cantus part book: DI CIPRIANO / IL SECONDO LIBRO DE MADREGALI A CINQVE VOCI INSIEME / ALCVNI DI M. ADRIANO ET ALTRI AVTORI / A MISVRA COMVNE NOVAMENTE / POSTI IN LVCE / A CINQVE VOCI / Venetijs Apud Antonium Gardane. / M. D. XXXXIIII.
=505  0\$aCantiamo lieti il fortunato giorno (secunda pars: La terra di novelli) / Cipriano Rore -- Sciocco fu 'l tuo desire / Adriano -- Sfrondate o sacre dive / Cipriano Rore -- Gentil almo paese / Hubert Naich -- Che cosa al mondo (secunda pars: Fu del fator mirabil) / Pierresson -- Lasso che desiando / Jachet Berchem -- Locchio la man la bocca / -- Vaghe faville angeliche / Leonardus Barre -- Qual anima ignorante / Adriano -- I soventi martiri / Hubert Naich -- Mirate altrove / Hubert Naich -- Lalta gloria d'amor / Hubert Naich -- Anima bella da quel nodo / jeronimo Parabosco -- Scielgan l'alme sorelle / (secunda pars: Ardir senno virtu) Cipriano Rore -- O dolci sguardi (secunda pars: Et se talhor) / Cipriano Rore -- I mi vivea di mia sorte (secunda pars: O natura pietosa / Cipriano Rore -- Padre del ciel (secunda pars: Hor volge signor mio) / Cipriano Rore -- Fu forse un tempo (secunda pars: Ogni mio ben crudel) / Cipriano Rore -- Poschia ch'el tempo / Hubert Naich -- S'infinita bellezza / ARCHADELT -- Piu d'alto pin (secunda pars: Ma se del mio tormento) / Ferabosco -- Lasso qual fia giamai -- Aprimi amor le labbia -- Dolce ire dolci sdegni / Hubert Naich -- Dolce pensier che spesso / Hubert Naich -- Dhe se ti strins'amore / Cipriano Rore -- Qual vista sara mai occhi miei / Adriano.
=510  4\$aJohn Milsom, 'The Nonsuch Music Library', in Chris Banks, Arthur Searle and Malcolm Turner (eds.), Sundry Sorts of Music Books: Essays on The British Library Collections, Presented to O. W. Neighbour on his 70th Birthday (London, 1993), 146-82,$cno. 10.
=510  4\$aM.S. Lewis: Antonio Gardano, Venetian Music Printer 1538-1569: a Descriptive Bibliography and Historical Study (New York, 1988-97),$cno. 58.
=510  4\$aRISM B/I,$c1544 ¹⁷
=546  \\$aItalian words.
=650  \0$aMadrigals, Italian.
=700  1\$aArcadelt, Jacob,$dapproximately 1505-1568,$ecomposer.
=700  1\$aArundel, Henry Fitz Alan,$cEarl of,$d1512-1580,$eformer owner.$5Uk.
=700  1\$aBarré, Leonardo,$dactive 1537-55,$ecomposer.
=700  1\$aBerchem, Jachet de,$dactive 16th century,$ecomposer.
=700  1\$aCambio, Perissone,$dactive 16th century,$ecomposer.
=700  1\$aFerrabosco, Domenico Maria,$d1513-1574,$ecomposer.
=700  1\$aGardane, Antonio,$d1509-1569,$eprinter.
=700  1\$aLumley, John Lumley,$cBaron,$d1534?-1609,$eformer owner.$5Uk.
=700  1\$aNaich, Hubert,$ecomposer.
=700  1\$aParabosco, Gerolamo,$dapproximately 1524-1557,$ecomposer.
=700  1\$aRore, Cipriano de,$d1515 or 1516-1565,$ecomposer.
=700  1\$aWillaert, Adrian,$d1490?-1562,$ecomposer.
=752  \\$aItaly$dVenice$2lcsh/naf
=856  41$uhttp://purl.org/rism/BI/1544/17$yDigitised score
=859  \\$aXLD$bDCW
=852  4\$cDRT$jDigital Store A.70.b.$aBritish Library$bMUSIC
=985  \\$aEarly Music Online project
=985  \\$aRecord amended for WR# 13/070
=985  \\$aname title to add
=985  \\$aCorrected by MS generated file for WR# 1805-0738
=CAT  \\$aBATCH-DCW$b00$c20171103$lBLL01$h0210
=CAT  \\$a1805-0738$c20190111$lBLL01$h1806
=CAT  \\$a1805-0738$b00$c20190111$lBLL01$h1828
=FIN  \\$aY$d20171103
=LKR  \\$aPAR$lBLL01$r776$b004620601$mIl secondo libro de madrigali a cinque voci insieme alcuni /$nIl secondo libro de madrigali a cinque voci insieme alcuni /
=DGM  \\$a004620601$bCatBridge variable field
=DRT  \\$aDCW
=SRC  \\$aDCW$bDCW_20171102
=OHC  \\$a1
=LAS  \\$a1805-0738$b00$c20190111$lBLL01$h1828

