=LDR  05778 cm a22007337  4500
=001  018584014
=003  Uk
=005  20171103021020.0
=007  cr\mn\024mpada
=008  930329s1563\\\\it\||z\\s\\\\\\\\\\\ita\\
=FMT  \\$a  MU
=019  d\$afm00670016
=040  \\$aUk$beng$cUk
=041  \\$aita
=042  \\$aukblsr
=082  14$a780$215
=100  1\$aRore, Cipriano de,$d1515 or 1516-1565,$ecomposer.
=240  10$aMadrigals,$mvoices (5),$nbook 2
=245  10$aDi Cipriano de Rore il secondo libro di madrigali a cinque voci ;$cinsieme alcuni di M. Adriano & altri autori novamente ristampato.
=264  \1$aIn Venetia :$bAppresso di Antonio Gardano,$c1563.
=300  \\$a5 part books ;$c16 x 22 cm (oblong 4º)
=336  \\$anotated music$2rdacontent
=337  \\$acomputer$2rdamedia
=338  \\$aonline$2rdacarrier
=340  \\$m4to$2rdabf
=500  \\$a27 five part Italian madrigals, eight of which are in two sections.
=500  \\$aCollection of Italian madrigals in five parts (SSATB, SAATB, SATTB).
=500  \\$aCopy at A.70.g. Canto (20 leaves) Alto (20 leaves) Tenore (20 leaves) Basso (20 leaves) Qvinto (20 leaves); original foliation: Canto [i], 1 - 38, [39] Alto [i], 1 - 38, [39] Tenore [i], 1 - 38, [39] Basso [i], 1 - 38, [39] Quinto [i], 1 - 38, [39]; paper dimensions: 148 x 210 mm.$5Uk
=500  \\$aCopy at A.70.g. Digitised score at http://purl.org/rism/BI/1563/14.$5Uk
=500  \\$aTranscribed title page from quinto part book: [decorative border] QVINTO / DI CIPRIANO DE RORE / IL SECONDO LIBRO DI MADRIGALI / A CINQVE VOCI INSIEME ALCVNI DI M. / Adriano & altri Autori Nouamente Ristampato. / A CINQVE [printer's device V (In Lewis)] VOCE / In Venetia appresso di / Antonio Gardano / [rule] / 1563.
=500  \\$aWith table of contents at the end of each part book.
=505  0\$aCantiamo lieti il fortunato (Seconda parte: La terra di novelli & vaghi fiori) / Cipriano de Rore -- Sciocco fu'l tuo desire / Adriano -- Sfrondate o sacre dive / Cipriano de Rore -- Gentil almo paese ove de' lieti amanti / Hubert Naich -- Che cos'al mondo far potea natura (Seconda parte: Fu del fator mirabil magistero) / Pierresson -- Lasso che desiando vo / Jachet Berchem -- L'occhio la man la bocca il coll'il petto / D'incerto -- Vaghe faville angeliche beatrici / Leonardus Barre -- Qual anima ignorante over piu saggia / Adriano -- I soventi martiri accompgnati da greve dolore / Hubert Naich -- Mirate altrove vita mai ch'offende / Hubert Naich -- L'alta gloria d'amor gli alti trophei / Hubert Naich -- Anima bella da quel nodo sciolta / Heironimo Parabosca -- Scielgan l'alme sorelle in li orti suoi (Seconda parte: Ardir senno virtu bellezza e fede) / Cipriano de Rore -- O dolci sguardi o parolete accorte (Seconda parte: Et se talhor da begliocchi soavi) / Cipriano de Rore -- I mi vivea di mia sorte content (Seconda parte: O natura pietosa et fera madre) / Cipriano de Rore -- Padre del ciel doppo i perduti giorni (Seconda parte: Hor volge signor mio l'undecimo anno) / Cipriano de Rore -- Fu forse un tempo dolce cosa amore (Secunda parte: Ogni mio ben crudel morte m'ha tolto) / Cipriano de Rore -- Poscia che'l tempo in unao / Hubert Naich -- S'infinita bellezza e leggiadria / Archadelt -- Piu d'alto pin ch'in mez'un orto sia (Secunda parte: Ma se del mio tormento non ti cale) / Ferabosco -- Lasso qual fia giamai del mio acerbo / D'Incerto -- A primi amor le labbia esci soave / D'Incerto -- Dolce ire dolci sdegni e dolci paci / Hubert Naich -- Dolce pensier che spesso mi rimembri / Hubert Naich -- Dhe se ti strins'amore unqua pieta / Cipriano de Rore -- Qual vista sara mai occhi miei lassi / Adriano.
=510  1\$aLewis, Mary S. Antonio Gardano: Venetian music printer, 1538 - 156. A descriptive bibliography and historical study. 2 vols. Garland, 1998 - 97. (Garland Reference Library of the Humanities, 718-9).
=510  1\$aRore, Cipriano de. Opera omnia: edidit Bernhardus Meier. II, Madrigalia 5 vocum. American Institute of Musicology, 1963. (Corpus mensurabilis musicae ; 14).
=510  4\$aRISM B/I,$c1563 ¹⁴
=546  \\$aItalian words.
=650  \0$aMadrigals, Italian.
=700  1\$aArcadelt, Jacob,$dapproximately 1505-1568,$ecomposer.
=700  1\$aBarré, Leonardo,$dactive 1537-approximately 1555,$ecomposer.
=700  1\$aBerchem, Jachet de,$dactive 16th century,$ecomposerr.
=700  1\$aCambio, Perissone,$dactive 16th century,$ecomposer.
=700  1\$aFerrabosco, Alfonso,$d1543-1588,$ecomposer.
=700  1\$aGardane, Antonio,$d1509-1569,$eprinter.
=700  1\$aNaich, Hubert,$ecomposer.
=700  1\$aParabosco, Gerolamo,$dapproximately 1524-1557,$ecomposer.
=700  1\$aWillaert, Adrian,$d1490?-1562,$ecomposer.
=752  \\$aItaly$dVenice.$2lcsh/naf
=856  41$uhttp://purl.org/rism/BI/1563/14$yDigitised score
=859  \\$aXLD$bDCW
=852  4\$cDRT$jDigital Store A.70.g.$aBritish Library$bMUSIC
=985  \\$aRecord amended for WR# 13/070
=985  \\$aauthority check: this is the LoC heading, but it's explicitly a multi-author collection on the title page.
=985  \\$aname title to add
=985  \\$aCorrected by MS generated file for WR# 1805-0738
=CAT  \\$aBATCH-DCW$b00$c20171103$lBLL01$h0210
=CAT  \\$a1805-0738$c20190111$lBLL01$h1806
=CAT  \\$a1805-0738$b00$c20190111$lBLL01$h1828
=FIN  \\$aY$d20171103
=LKR  \\$aPAR$lBLL01$r776$b004620604$mDi Cipriano de Rore il secondo libro di madrigali a cinque voci ;$nDi Cipriano de Rore il secondo libro di madrigali a cinque voci ;
=DGM  \\$a004620604$bCatBridge variable field
=DRT  \\$aDCW
=SRC  \\$aDCW$bDCW_20171102
=OHC  \\$a1
=LAS  \\$a1805-0738$b00$c20190111$lBLL01$h1828

