=LDR  05819 cm a22007457  4500
=001  018584015
=003  Uk
=005  20171103021020.0
=007  cr\mn\024mpada
=008  930329s1563\\\\it\||z\\s\\\\\\\\\\\ita\\
=FMT  \\$a  MU
=019  d\$afm00670019
=040  \\$aUk$beng$cUk
=041  \\$aita
=042  \\$aukblsr
=082  14$a780$215
=100  1\$aRore, Cipriano de,$d1515 or 1516-1565.
=240  10$aMadrigals,$mvoices (5),$nbook 4
=245  13$aIl quarto libro di madrigali a cinque voci,$bcon uno madregale a sei & uno dialogo a otto /$cdi Cipriano de Rore. Novamente ristampato.
=264  \1$aIn Venetia :$bAppresso di Antonio Gardano,$c1563.
=300  \\$a5 part books ;$c16 x 22 cm (oblong 4º)
=336  \\$anotated music$2rdacontent
=337  \\$acomputer$2rdamedia
=338  \\$aonline$2rdacarrier
=340  \\$m4to$2rdabf
=500  \\$aAll five-part madrigals except for no. 19 which is in six parts, and no. 20 in eight. Nos 4 - 8, 15, 18 and 19 are in two sections.
=500  \\$aCollection of madrigals in five parts (SAATB, SATTB, SSAATB, SSAATTTB).
=500  \\$aCopy at A.70.w. Canto (16 leaves) Alto (16 leaves) Tenore (16 leaves) Basso (16 leaves) Qvinto (16 leaves); original foliation: Canto [i - ii], 1 - 29, [30] p. Alto [i - ii], 1 - 29, [30] p. Tenore [i - ii], 1 - 29, [30] p. Basso [i - ii], 1 - 29, [30] p. Quinto [i - ii], 1 - 29, [30] p.; paper dimensions: 150 x 210 mm.$5Uk
=500  \\$aCopy at A.70.w. Digitised score at http://purl.org/rism/BI/1563/15.$5Uk
=500  \\$aNo privilege statement on alto part book title page.
=500  \\$aPart for the six-part work included in quinto part book. Extra parts for the eight-part Dialogo in the canto, alto, tenore and basso part books.
=500  \\$aTranscribed title page from canto part book: [Decorative border] Canto / DI CIPRIANO DI RORE / IL QVARTO LIBRO DI MADRIGALI / A CINQVE VOCI CON VNO MADRIGALE / a sei & uno Dialogo a otto, Nouvamente Ristampato. / A CINQVE [Printer's device v (from Lewis)] VOCI / CON GRATIA ET PRIVILEGIO. / In Venetia appresso di / Antonio Gardano. / [rule] / 1563.
=500  \\$aWith table of contents at end of each part book.
=505  0\$aLa bella greca ond'el pastor Ideo / Cipriano de Rore -- O morte eterno fin di tutt'i mali / Cipriano de Rore -- Alcun non puo saper da chi sia'amato / Cipriano de Rore -- Ingrata'e la mia donna e cosi'ingrata. (Seconda parte: Ingrat'hai lasso l'amo / Adriano -- Volgi'l tuo corso alla tua riva manca. (Resolutio: Come la notte'ogni fiammella'e viva) / Cipriano de Rore -- Quando signor lasciast'entro a le rive. (Seconda parte: Ma poi che vostr'altezza'a noi ritorna) / Cipriano de Rore -- Io mi rivolgo'indietro'a ciascun passo. (Seconda parte: Talhor m'assale le'in mezzo'a tristi pianti) / Giovan Nasco -- Di virtu di costume e valore. (Seconda parte: Cosi'l mio stil qual fe la sua bellezza) / Cipriano de Rore -- In suo rusciell'amato / Giovan Nasco -- Che giova saettar un che si more / Nocentio Alberti -- Nova bellezza in habito gentile / Nocentio Alberti -- L'ineffabil bonta del Redentore / Cipriano de Rore -- Amor l'arco'e la rete'indarno tendi / Sandrino -- Dal gran pastor Ideo vista'e rapita / Giovan Contino -- Discolorato hai mort'il piu bel volto. (Seconda parte: Ben torn'a consolar tanto dolore) / Pietro Taglia -- Amor io son si lieto / Baldissara Donato -- Quanto piu'a l'alma speme crescie / F. Portinaro -- Se ben il duol che per voi donna sento. (Seconda parte: Ben voi a piu di mille e mille segni) / Cipriano de Rore -- L'alto signor dinanzi a cui non vale. (Seconda parte: L'una piag'arde e versa foco'e fiamma). A6. / Cipriano de Rore -- Amor se cosi dolc'e il mio dolore. (Dialogo a 8) / Cipriano de Rore.
=510  1\$aLewis, Mary S. Antonio Gardano: Venetian music printer, 1538 - 156. A descriptive bibliography and historical study. 2 vols. Garland, 1998 - 97. (Garland Reference Library of the Humanities, 718-9).
=510  4\$aRISM B/I,$c1563 ¹⁵
=510  4\$aRore, Cipriano de. Opera omnia: edidit Bernhardus Meier. II, Madrigalia 5 vocum. American Institute of Musicology, 1963. (Corpus mensurabilis musicae ; 14).
=546  \\$aItalian words.
=650  \0$aMadrigals, Italian.
=700  0\$aSandrin,$dactive 1538-1561,$ecomposer.
=700  1\$aAlberti, Innocentio,$dapproximately 1535-1615,$ecomposer.
=700  1\$aContino, Giovanni,$dapproximately 1513-approximately 1574,$ecomposer.
=700  1\$aDonato, Baldassare,$d-1603,$ecomposer.
=700  1\$aGardane, Antonio,$d1509-1569,$eprinter.
=700  1\$aNasco, Giovanni,$dapproximately 1510-1561,$ecomposer.
=700  1\$aPortinaro, Francesco,$dactive 16th century,$ecomposer.
=700  1\$aTaglia, Pietro,$dactive 16th century,$ecomposer.
=700  1\$aWillaert, Adrian,$d1490?-1562,$ecomposer.
=752  \\$aItaly$bVenice.$2lcsh/naf
=856  41$uhttp://purl.org/rism/BI/1563/15$yDigitised score
=859  \\$aXLD$bDCW
=852  4\$cDRT$jDigital Store A.70.w.$aBritish Library$bMUSIC
=985  \\$aRecord amended for WR# 13/070
=985  \\$aname title to add
=985  \\$aCorrected by MS generated file for WR# 1805-0738
=CAT  \\$aBATCH-DCW$b00$c20171103$lBLL01$h0210
=CAT  \\$a1805-0738$c20190111$lBLL01$h1806
=CAT  \\$a1805-0738$b00$c20190111$lBLL01$h1828
=FIN  \\$aY$d20171103
=LKR  \\$aPAR$lBLL01$r776$b004620607$mIl quarto libro di madrigali a cinque voci, con uno madregale a sei & uno dialogo a otto /$nIl quarto libro di madrigali a cinque voci, con uno madregale a sei & uno dialogo a otto /
=DGM  \\$a004620607$bCatBridge variable field
=DRT  \\$aDCW
=SRC  \\$aDCW$bDCW_20171102
=OHC  \\$a1
=LAS  \\$a1805-0738$b00$c20190111$lBLL01$h1828

