=LDR  05913 cm a22007337  4500
=001  018584016
=003  Uk
=005  20171103021020.0
=007  cr\mn\024mpada
=008  930329s1566\\\\it\||z\\s\\\\\\\\\\\mul\\
=FMT  \\$a  MU
=019  d\$afm00670021
=040  \\$aUk$beng$cUk
=041  \\$aita$gita
=042  \\$aukblsr
=082  14$a780$215
=100  1\$aRore, Cipriano de,$d1515 or 1516-1565.
=240  10$aMadrigals,$mvoices (5),$nbook 5
=245  10$aDi Cipriano de Rore il quinto libro di madrigali a cinque voci ;$cinsieme alcuni de diversi autori. Novamente per Antonio Gardano stampato & dato in luce.
=264  \1$aIn Venetia :$bAppresso di Antonio Gardano,$c1566.
=300  \\$a5 part books ;$c16 x 22 cm (oblong 4º)
=336  \\$anotated music$2rdacontent
=337  \\$acomputer$2rdamedia
=338  \\$aonline$2rdacarrier
=340  \\$m4to$2rdabf
=500  \\$a18 Italian madrigals and six Latin secular songs. All in five parts except for no. 16, in six parts, no. 23, in seven parts, and no. 24, in four parts. Numbers 9, 17 and 18 are in two sections.
=500  \\$aCollection of Italian madrigals in five parts (SSATB, SAATB, SATTB, SSATBB, SAATTTB, SATB).
=500  \\$aCopy at A.70.v. Canto (16 leaves) Alto (16 leaves) Tenore (16 leaves) Basso (16 leaves) Quinto (16 leaves); original foliation: Canto [i - ii], 1 - 30 Alto [i], 1, [-], 2 - 30 Tenore [i], 1, [-], 2 - 30 Basso [i - ii], 1 - 29, [30] Quinto [i], 1, [-], 2 - 29, [30]; paper dimensions: 150 x 210 mm.$5Uk
=500  \\$aCopy at A.70.v. Digitised score at http://purl.org/rism/BI/1566/17.$5Uk
=500  \\$aDedication from Gardano to Ottavio Farnese, Duke of Parma and Piacenza on title page verso of canto part book.
=500  \\$aMadrigal no. 1 headed 'A gl'illustrissimi principi Duca e Duchessa di Parma'.
=500  \\$aPrivilege statement only on canto part book title page.
=500  \\$aTranscribed title page from canto part book: [decorative border] CANTO / DI CIPRIANO DE RORE / IL QVINTO LIBRO DI MADRIGALI / A CINQVE VOCI INSIEME ALCVNI DE DIVERSI / Autori Nouamente per Antonio Gardano stampato & dato in Luce. / A CINQVE [printer's device V (In Lewis)] VOCE / CON GRATIA ET PRIVILLEGGIO / In Venetia Appresso / di Antonio Gardano / [rule] / 1566.
=500  \\$aWith table of contents at the end of canto, basso and quinto part books.
=505  0\$aMentre lumi maggior del secol nostro sotto' l Belgico. ([dedication] A gl'illustrissimi principi Duca e Duchessa di Parma) / Cipriano de Rore -- Da le belle contrade d'oriente / Cipriano -- Da l'estrem' orizonte / Cipriano -- Vaghi pensieri che mentr'havest'il cielo / Cipriano -- Alma susanna ben felice' e'l core / Cipriano -- Pietosi miei lamenti e voi sospiri / Sabino -- I piango & ella'il volto / Sabino -- Io piango & ella'il volto / D'Incerto -- Qualhor rivolgo il basso mio pensiero. (Seconda parte: Ma pur in te sperar perfetta aita) / Cipriano -- Non e lasso martire / Cipriano -- Io non sapeva gia che foss'amore / Giovan Nasco -- Amor che t'ho fatt'io / Cipriano -- Convien ch'ovunque sia sempre cortese. (Canon: In subdiapason) / Cipriano -- Alma real se come fida stella / Cipriano -- Forte soporifera ad baias dormivit in umbra / Orlando -- O scoij durate o socij neque enim ignari sumus. (a6. [dedication]: Illustrissimi et reverendissimi Cardinalis Granvellani emblema) / Adriano -- O scoij neque enim ignari sumus ante malorum. ([dedication]: Illustrissimi et reverendissimi Cardinalis Granvellani emblema). (Seconda parte: Per varios casus per tot discrimina rerum) / Cipriano -- Il tempo vola'e se ne fuggon gl'anni. (Seconda parte: Ivi vedrai la Gloria ivi l'acquisto) / Gianetto da Palestrina -- O santo fio felice / Cipriano -- Concordes adhibite animos muse inclita turba. (In morte Adriani vvillaert) / Cipriano -- Rex Asie & Ponti potuit celeberrimus / Cipriano -- Se com'il biondo crin de la mia filli / Cipriano -- Alma se stata fossi'a pien 'accorta. (a7. Dialogo) / Bartolomeo Spontoni -- Musica dulci sono celestia numina cantu. (a4) / Cipriano.
=510  1\$aLewis, Mary S. Antonio Gardano: Venetian music printer, 1538 - 156. A descriptive bibliography and historical study. 2 vols. Garland, 1998 - 97. (Garland Reference Library of the Humanities, 718-9).
=510  1\$aRore, Cipriano de. Opera omnia: edidit Bernhardus Meier. II, Madrigalia 5 vocum. American Institute of Musicology, 1963. (Corpus mensurabilis musicae; 14).
=510  4\$aRISM B/I,$c1566 ¹⁷
=546  \\$aItalian and Latin words.
=650  \0$aMadrigals, Italian.
=700  1\$aFarnese, Ottavio,$d1520-1586,$ededicatee.
=700  1\$aGardane, Antonio,$d1509-1569,$eprinter.
=700  1\$aLasso, Orlando di,$d1532-1594,$ecomposer.
=700  1\$aNasco, Giovanni,$dapproximately 1510-1561,$ecomposer.
=700  1\$aSabino, Ippolito,$dapproximately 1550-1593,$ecomposer.
=700  1\$aSpontone, Bartolomeo,$d1530-1592,$ecomposer.
=700  1\$aWillaert, Adrian,$d1490?-1562,$ecomposer.
=752  \\$aItaly$bVenice.$2lcsch/naf
=856  41$uhttp://purl.org/rism/BI/1566/17$yDigitised score
=859  \\$aXLD$bDCW
=852  4\$cDRT$jDigital Store A.70.v.$aBritish Library$bMUSIC
=985  \\$aRecord amended for WR# 13/070
=985  \\$aname title to add
=985  \\$aCorrected by MS generated file for WR# 1805-0738
=CAT  \\$aBATCH-DCW$b00$c20171103$lBLL01$h0210
=CAT  \\$a1805-0738$c20190111$lBLL01$h1806
=CAT  \\$a1805-0738$b00$c20190111$lBLL01$h1828
=FIN  \\$aY$d20171103
=LKR  \\$aPAR$lBLL01$r776$b004620609$mDi Cipriano de Rore il quinto libro di madrigali a cinque voci ;$nDi Cipriano de Rore il quinto libro di madrigali a cinque voci ;
=DGM  \\$a004620609$bCatBridge variable field
=DRT  \\$aDCW
=SRC  \\$aDCW$bDCW_20171102
=OHC  \\$a1
=LAS  \\$a1805-0738$b00$c20190111$lBLL01$h1828

