=LDR  03663 cm a22006137  4500
=001  018584017
=003  Uk
=005  20171103021020.0
=007  cr\mn\024mpada
=008  930329s1575\\\\it\||z\\s\\\\\\\\\\\ita\\
=FMT  \\$a  MU
=019  d\$afm00670026
=040  \\$aUk$beng$cUk
=041  \\$aita$afre
=042  \\$aukblsr
=082  14$a780$215
=100  1\$aRore, Cipriano de,$d1515 or 1516-1565.
=240  10$aMadrigals,$mvoices (4),$nbook 1
=245  13$aIl primo libro de madrigali a quattro voci /$cDi Cipriano de Rore. Novamente con ogni diligentia ristampato.
=264  \1$aVenetia :$bAppresso Angelo Gardano,$c1575.
=300  \\$a4 part books ;$c14 x 20 cm (oblong 4º)
=336  \\$anotated music$2rdacontent
=337  \\$acomputer$2rdamedia
=338  \\$aonline$2rdacarrier
=340  \\$m4to$2rdabf
=500  \\$aCollection of Italian and French madrigals in four parts.
=500  \\$aCopy at A.70.n.(1.). Canto (12 leaves), Alto (12 leaves), Tenore (12 leaves), Basso (12 leaves); original pagination: Canto: [i], 1-23 p., Alto: [i], 1-23 p., Tenore: [i], 1-23 p., Basso: [i], 1-23 p.; paper dimensions: 143 x 205 mm.$5Uk
=500  \\$aCopy at A.70.n.(1.). Digitised score at http://purl.org/rism/AI/R2510.$5Uk
=500  \\$aTranscribed title page from canto part book: DI CIPRIANO DE RORE / IL PRIMO LIBRO DE MADRIGALI/ A Quattro Voci, Nouamente con ogni diligentia ristampato. / A QVATRO VOCI / In Venetia Appresso / Angelo Gardano. / 1575.
=500  \\$aWith table of contents at the end.
=505  0\$aA la dolc'ombra delle belle frondi (seconda stanza: Non vidde'l mondo si leggiadri rami; terza stanza: Un Lauro mi diffese'all'hor dal cielo; quarta stanza: Pero piu ferm'ogn'hor di tempo'in tempo; quinta stanza: Selve sassi campagne fiumi'e poggi; sesta & ultima stanza: Tanto mi piacque prima'il dolce lume) -- Signor mio caro ogni pensier mi tira -- Charita di Signore Amor di donna son le cathene -- Io canterei d'amor si novamente -- Non e ch'il duol mi scem'o il fuoc'allenti -- La bella netta' ignuda'e bianca mano -- La giustitia immortale -- Anchor che co'l partire -- Amor ben mi credevo -- Com'havran fin le dolorose tempre -- Io credea ch'el morire -- Quel foco che tanti'anni -- L'inconstantia che seco han le mortali cose -- Donna ch'ornata sete -- Di tempo in tempo mi si fa men dura -- Se'l mio sempre per voi donna languire -- Non gemme non fin'oro -- Qual' e piu grand'o amore -- En voz a dieux dames cesses voz pleurs -- Hellas comment voules vous que noz yeulx -- Chi con eterna legge.
=510  4\$aRISM A/I,$cR 2510
=546  \\$aItalian and French words.
=650  \0$aMadrigals, French.
=650  \0$aMadrigals, Italian.
=700  1\$aGardano, Angelo,$d1540-1611,$eprinter.
=752  \\$aItaly$dVenice.$2lcsh/naf
=856  41$uhttp://purl.org/rism/AI/R2510$yDigitised score
=859  \\$aXLD$bDCW
=852  4\$cDRT$jDigital Store A.70.n.(1.)$aBritish Library$bMUSIC
=985  \\$aEarly Music Online project
=985  \\$aRecord amended for WR# 13/070
=985  \\$aname title to add
=985  \\$aCorrected by MS generated file for WR# 1805-0738
=CAT  \\$aBATCH-DCW$b00$c20171103$lBLL01$h0210
=CAT  \\$a1805-0738$c20190111$lBLL01$h1806
=CAT  \\$a1805-0738$b00$c20190111$lBLL01$h1828
=FIN  \\$aY$d20171103
=LKR  \\$aPAR$lBLL01$r776$b004620614$mIl primo libro de madrigali a quattro voci /$nIl primo libro de madrigali a quattro voci /
=DGM  \\$a004620614$bCatBridge variable field
=DRT  \\$aDCW
=SRC  \\$aDCW$bDCW_20171102
=OHC  \\$a1
=LAS  \\$a1805-0738$b00$c20190111$lBLL01$h1828

