=LDR  04448 cm a22006617  4500
=001  018584018
=003  Uk
=005  20171103021020.0
=007  cr\mn\024mpada
=008  930329s1571\\\\it\||z\\s\\\\\\\\\\\ita\\
=FMT  \\$a  MU
=019  d\$afm00670029
=040  \\$aUk$beng$cUk
=041  \\$aita
=042  \\$aukblsr
=082  14$a780$215
=100  1\$aRore, Cipriano de,$d1515 or 1516-1565.
=240  10$aMadrigals,$mvoices (4),$nbook 2
=245  13$aIl secondo libro de madrigali a quatro voci /$cdi Cipriano de Rore con una canzon di Gianetto; sopra di pace non trovo, con quatordeci stanze. Novamente con ogni dilligentia ristampato.
=264  \1$aVenetia :$bApresso li figliuoli di Antonio Gardano,$c1571.
=300  \\$a4 part books ;$c14 x 20 cm (oblong 4º)
=336  \\$anotated music$2rdacontent
=337  \\$acomputer$2rdamedia
=338  \\$aonline$2rdacarrier
=340  \\$m4to$2rdabf
=500  \\$aCollection of Italian madrigals and a canzona in four parts.
=500  \\$aCopy at A.70.n.(2.). Canto (12 leaves), Alto (12 leaves), Tenore (12 leaves), Basso (12 leaves); original pagination: Canto: [i], 1-22, [23] p. Alto: [i], 1-22, [23] p. Tenore: [i], 1-22, [23] p. Basso: [i], 1-22, [23] p.; paper dimensions: 143 x 205 mm.$5Uk
=500  \\$aCopy at A.70.n.(2.). Digitised score at http://purl.org/rism/BI/1571/10.$5Uk
=500  \\$aInstead of a table of contents the basso part book bears the printer's device of Antonio Gardano.
=500  \\$aTranscribed title page from canto part book: DI CIPRIANO DE RORE / IL SECONDO LIBRO DE MADRIGALI / A Quatro Voci, Con vna Canzon di Gianetto; sopra di Pace non trouo, Con / quatordeci stanze. Nouamente con ogni dilligentia Ristampato. / A QVATRO VOCI / CON GRATIA ET PRIVILEGIO / In Venetia Apresso li Figliuoli / di Antonio Gardano. / 1571.
=500  \\$aWith table of contents at the end of the Canto, Alto and Tenor part books.
=505  0\$aUn' altra volta la Germania strida / Cipriano -- Chi non sa com'Amor / Cipriano -- Schiet'arbuscel di cui ramo / Cipriano -- Beato me direi / Cipriano -- O sonno o della queta / Cipriano -- Fontana di dolore albergo d'ira / Cipriano -- Datemi pace o duri miei pensieri / Cipriano -- Mentre la prima mia novell' etade / Cipriano -- Mia benigna fortuna e'l viver lieto (seconda parte: Crudele' acerba' inexorabil morte) / Cipriano -- Canzon di Gianetto. Da fuoco cosi bel nasc'il mio'ardore (seconda stanza: Rapace'ingord' e venenosa fera; terza stanza: Amo'e non nacque del mi'amor giamai; quarta stanza: Da l'empia gelosia nasce'il tormento; quinta stanza: Si mi vince tal'hor l'aspro martir; sesta stanza: O effetto rio ch'el piu felice; settima stanza: Amor non volev'io ch'el mio gioire; ottava stanza: Non mi sferr'il crudel e non m'ancide; nona stanza: Poi che la vista del mio caro sole; decima stanza: Io non ho lingu'e senza gliocchi; undecima stanza: L'alta cagion del mio fermo pensiero; duodecima stanza: Misero stato de gl'amanti; tertiadecima stanza: Fuggir devriassi se fuggir se puote; quartadecima & ultima stanza: Satio di termentarm'amore) / Gianetto.
=510  4\$aRISM B/I,$c1571 ¹⁰
=546  \\$aItalian words.
=650  \0$aMadrigals, Italian.
=700  1\$aGardane, Alessandro,$dactive 1575-1591,$eprinter.
=700  1\$aGardane, Antonio,$d1509-1569,$eprinter.
=700  1\$aGardano, Angelo,$d1540-1611,$eprinter.
=700  1\$aPalestrina, Giovanni Pierluigi da,$d1525?-1594,$ecomposer.
=700  1\$aRore, Cipriano de,$d1515 or 1516-1565,$ecomposer.
=752  \\$aItaly$dVenice.$2lcsh/naf
=856  41$uhttp://purl.org/rism/BI/1571/10$yDigitised score
=859  \\$aXLD$bDCW
=852  4\$cDRT$jDigital Store A.70.n.(2.)$aBritish Library$bMUSIC
=985  \\$aEarly Music Online project
=985  \\$aRecord amended for WR# 13/070
=985  \\$aname title to add
=985  \\$aCorrected by MS generated file for WR# 1805-0738
=CAT  \\$aBATCH-DCW$b00$c20171103$lBLL01$h0210
=CAT  \\$a1805-0738$c20190111$lBLL01$h1806
=CAT  \\$a1805-0738$b00$c20190111$lBLL01$h1828
=FIN  \\$aY$d20171103
=LKR  \\$aPAR$lBLL01$r776$b004620616$mIl secondo libro de madrigali a quatro voci /$nIl secondo libro de madrigali a quatro voci /
=DGM  \\$a004620616$bCatBridge variable field
=DRT  \\$aDCW
=SRC  \\$aDCW$bDCW_20171102
=OHC  \\$a1
=LAS  \\$a1805-0738$b00$c20190111$lBLL01$h1828

