=LDR  07100ccm a2200949 a 4500
=001  018584019
=003  Uk
=005  20221024170527.0
=007  cr\mn\024mpada
=008  930329s1544\\\\it\||z\\s\\\\\\\\\\\lat\\
=FMT  \\$a  MU
=019  d\$afm00670031
=040  \\$aUk$beng$cUk
=041  \\$alat
=042  \\$aukblsr
=082  14$a780$215
=245  00$aMotectorum, liber primus, quinque vocum :$bnunc primum maxima diligentia in lucem exeuntium /$cCipriani, musici eccellentissimi, cum quibusdam aliis doctis authoribus.
=246  1\$iTranscribed title from bassus part book:$aCipriani musici eccelentissimi motectorum
=246  1\$iTranscribed title from cantus part book:$aCipriani musici eccellentissimi cum quibusdam aliis doctis authoribus motectorum liber primus quinque vocum
=264  \1$aVenetijs :$bApud Antonium Gardane,$cDMXXXXIIII [1544]
=300  \\$a5 part books ;$c16 x 22 cm (oblong 4º)
=336  \\$anotated music$2rdacontent
=337  \\$acomputer$2rdamedia
=338  \\$aonline$2rdacarrier
=340  \\$m4to$2rdabf
=500  \\$aCollection of motets in five parts (SATBQ) by various composers. Cipriano de Rore's name alone appears on the title page but his seven compositions occupy less than a third of the volume. cf. The liturgical music of Cipriano de Rore / Alvin Harold Johnson. Thesis (Ph. D.) Yale University, 1954.
=500  \\$aCopy at A.70. Cantus (20 leaves), Tenor (20 leaves), Altus (20 leaves), Bassus (20 leaves), Quintus (20 leaves); original foliation: all part books: [1-3] I-XXXVI [37]; paper dimensions: 146 x 210 mm.$5Uk
=500  \\$aCopy at A.70. Digitised score at http://purl.org/rism/BI/1544/6.$5Uk
=500  \\$aTranscribed title page from bassus part book: CIPRIANI / MUSICI ECCELLENTISSIMI MOTECTORVM NVPERIME / MAXIMA DILIGENTIA INLVCEM AEDITORVM / LIBER PRIMUS/ QVINQVE VOCVM. / Venetijs Apud Antonium Gardane. / D. M. XXXXIIII. / CVM GRATIA ET PRIVILEGIO. / BASSVS (Other part books follow the style of the Cantus).
=500  \\$aTranscribed title page from cantus part book: CIPRIANI / MUSICI ECCELLENTISSIMI CVM QVIBVSDAM ALIIS DOCTIS / AVTHORIBVS MOTECTORVM NVNC PRIMVM MAXIMA / DILIGENTIA IN LVCEM EXEVNTIVM / LIBER PRIMVS / QVINQVE VOCVM. / Venetijs Apud Antonium Gardane. / D. M. XXXXIIII. / CVM GRATIA ET PRIVILEGIO. / CANTVS.
=500  \\$aWith table of contents at the end.
=505  0\$aNulla scientia melior (secunda pars: O Quam necessaria) / Cipriano Rore -- Itala que cecidit (secunda pars: Una tibi floret) / Cipriano Rore -- Gaude Maria Virgo (secunda pars: Gabrielem archangelum) / Cipriano Rore -- Sacro fonte (secunda pars: Illustrante spiritu sancto) / Adriano -- Formoso vermi formosa Camilla (secunda pars: Adsit amor) / Jachet -- Laus tibi sacra rubens (secunda pars: Basilij felix edes felici) / Adriano -- In die tribulationis / Cipriano Rore -- Congregati sunt inimici / Leonardus Barre -- Benedictus redemptor omnium (secunda pars: Magne pater sancte dominice) / Adriano -- Vado ad eum qui misit / Cipriano Rore -- Ave sanctissima Maria / Cornelius Canis -- Obsecro vos fratres / Pierresson -- Benedictus Deus & Pater / Cipriano Rore -- Tribularer si nescirem (secunda pars: Secundum multitudinem) / Jachet -- Tribularer si nescirem (secunda pars: Secundum multitudinem) / Cipriano Rore -- Usquequo Domine (secunda pars: Illumina oculos meos) / Ferabosco -- Audite celi que loquor (secunda pars: Venite & audite omnes) / Leonardus Barre -- Jam nova perpetuo (secunda pars: Madrutius rex nam[que] / Jachet -- Clare sanctorum senatus / Adriano -- Sicut cedrus exaltata / [Anon] -- Postqua[m] impleti sunt / Jhan de Billon -- Ecce quam bonum / Jarsin -- Diligebat autem eum Jhesus / Certon -- In mari vie tue / A. Gardane.
=510  3\$aHarry B. Lincoln, The Latin motet: indexes to printed collections, 1500-1600 (Ottawa: Institute of Medieval Music, 1993).
=510  4\$aM.S. Lewis: Antonio Gardano, Venetian music printer 1538-1569: a descriptive bibliography and historical study (New York, 1988-97),$cNo. 56
=510  4\$aRISM B/I,$c1544 ⁶
=546  \\$aLatin words.
=650  \0$aMotets.
=700  02$aJacquet,$cof Mantua,$d1483-1559.$tFormoso vermi.
=700  02$aJacquet,$cof Mantua,$d1483-1559.$tJam nova perpetuo.
=700  02$aJacquet,$cof Mantua,$d1483-1559.$tTribularer si nescirem.
=700  1\$aGardane, Antonio,$d1509-1569,$eprinter.
=700  1\$aUttinger, Jheronimo,$ededicatee.
=700  12$aBarré, Leonardo,$dactive 1537-approximately 1555.$tAudite celi que loquor.
=700  12$aBarré, Leonardo,$dactive 1537-approximately 1555.$tCongregati sunt inimici.
=700  12$aBillon, Jhan de,$dactive 1534-1556.$tPostquam impleti sunt.
=700  12$aCambio, Perissone,$dactive 16th century.$tObsecro vos fratres.
=700  12$aCanis, Cornelius,$dapproximately 1510-1561.$tAve sanctissima Maria.
=700  12$aCerton, Pierre,$d-1572.$tDiligebat.
=700  12$aFerrabosco, Domenico Maria,$d1513-1574.$tUsquequo, Domine.
=700  12$aGardane, Antonio,$d1509-1569.$tIn mari vie tue.
=700  12$aJarsins, P.,$dactive 16th century.$tEcce quam bonum.
=700  12$aRore, Cipriano de,$d1515 or 1516-1565.$tBenedictus Deus.
=700  12$aRore, Cipriano de,$d1515 or 1516-1565.$tGaude, Maria virgo.
=700  12$aRore, Cipriano de,$d1515 or 1516-1565.$tIn die tribulationis.
=700  12$aRore, Cipriano de,$d1515 or 1516-1565.$tItala que cecidit.
=700  12$aRore, Cipriano de,$d1515 or 1516-1565.$tNulla scientia melior.
=700  12$aRore, Cipriano de,$d1515 or 1516-1565.$tTribularer si nescirem.
=700  12$aRore, Cipriano de,$d1515 or 1516-1565.$tVado ad eum.
=700  12$aWillaert, Adrian,$d1490?-1562.$tBenedictus Redemptor.
=700  12$aWillaert, Adrian,$d1490?-1562.$tClare sanctorum.
=700  12$aWillaert, Adrian,$d1490?-1562.$tLaus tibi, sacra rubens.
=700  12$aWillaert, Adrian,$d1490?-1562.$tSacro fonte regenerata.
=710  2\$aGardane (Firm),$eprinter.
=752  \\$aItaly$dVenice.$2lcsh/naf
=856  41$uhttp://purl.org/rism/BI/1544/6$yDigitised score
=859  \\$aXLD$bDCW
=852  4\$cDRT$jDigital Store A.70.$aBritish Library$bMUSIC
=985  \\$aChanged to title main entry as first element on title page is statement of responsibility and title elements now form a true collective title (AP)
=985  \\$aEarly Music Online project
=985  \\$aRecord amended for WR# 13/070
=985  \\$aCorrected by MS generated file for WR# 1805-0738
=CAT  \\$aBATCH-DCW$b00$c20171103$lBLL01$h0210
=CAT  \\$a1805-0738$c20190111$lBLL01$h1806
=CAT  \\$a1805-0738$b00$c20190111$lBLL01$h1828
=CAT  \\$aMFISHER$b40$c20221024$lBLL01$h1705
=FIN  \\$aY$d20171103
=LKR  \\$aPAR$lBLL01$r776$b004620618$mMotectorum, liber primus, quinque vocum : nunc primum maxima diligentia in lucem exeuntium /$nMotectorum, liber primus, quinque vocum : nunc primum maxima diligentia in lucem exeuntium /
=DGM  \\$a004620618$bCatBridge variable field
=DRT  \\$aDCW
=SRC  \\$aDCW$bDCW_20171102
=OHC  \\$a1
=LAS  \\$aMFISHER$b40$c20221024$lBLL01$h1705

