=LDR  05749 cm a22007697  4500
=001  018584020
=003  Uk
=005  20171103021020.0
=007  cr\mn\024mpada
=008  930329s1561\\\\it\||z\\s\\\\\\\\\\\ita\\
=FMT  \\$a  MU
=019  d\$afm00680001
=040  \\$aUk$beng$cUk
=041  \\$aita$gita
=042  \\$aukblsr
=082  14$a780$215
=100  1\$aRore, Cipriano de,$d1515 or 1516-1565,$ecomposer.
=240  10$aMadrigals,$mvoices (4)
=245  10$aDi Cipriano et Annibale madregali a quatro voci ;$cinsieme altri eccellenti autori novamente. Con ogni diligentia stampati & dati in Luce. Con gratia & privilleggio.
=264  \1$aIn Venetia :$bAppresso di Antonio Gardano,$c1561.
=300  \\$a4 part books ;$c18 x 23 cm (oblong 4º)
=336  \\$anotated music$2rdacontent
=337  \\$acomputer$2rdamedia
=338  \\$aonline$2rdacarrier
=340  \\$m4to$2rdabf
=500  \\$a20 four-part works, five in two sections, one with six stanzas.
=500  \\$aBasso part book lacking privilege statement on title-page.
=500  \\$aCollection of Italian madrigals in four parts (SATB).
=500  \\$aCopy at A.70.u. Canto (16 leaves) Alto (16 leaves) Tenore (16 leaves) Basso (16 leaves); original foliation: Canto i - ii], 1 - 29, [30] p. Alto [i - ii], 1 - 29, [30] p. Tenore [i - ii], 1 - 29, [30] p. Basso [i - ii], 1 - 29, [30] p.; paper dimensions:150 x 200 mm.$5Uk
=500  \\$aCopy at A.70.u. Digitised score at http://purl.org/rism/BI/1561/15.$5Uk
=500  \\$aTranscribed title page from canto part book: [decorative border] CANTO / DI CIPRIANO ET ANNIBALE / MADRIGALI A QVATRO VOCI INSIEME / ALTRI ECCELLENTI AVTORI NOVAMENTE / Con ogni diligentia stampati & dati in Luce. / CON GRATIA & PRIVILLEGGIO / A QVATRO [printer's device V (In Lewis)] VOCI / In Venetia appresso di / Antonio Gardano / [rule] / 1561.
=500  \\$aWith table of contents at the end of each part book.
=505  0\$aBen qui si mostra il ciel vago'et sereno / Cipriano -- Era il bel viso suo qu'al esser (Seconda parte: E ne la face de begliocchi accende) / Cipriano de Rore -- A qualunque animal alberga in terra.(Seconda stanza: Et io da che comincia la bell'alba; Terza stanza: Quando la sera scaccia il chiaro giorno; Quarta stanza: Non credo che pascesse mai per selva; Quinta stanza: Prima ch'i torni a voi lucenti stelle; Sesta & Ultima stanza: Con lei foss'io da che si part'il sole.) / Annibale Padoano -- Si traviato e'l folle mio desio / Annibale Padoano -- Pecca la donn'a dar mort'a l'amante / Perissone -- Aspro cor'e selvaggio e cruda voglia.(Seconda parte: Vivo sol di speranza rimembrando.) / Giachet Berchem -- Aure ch'i dolci verdi bei smeraldi. (Seconda parte: Puri lucent liquidi cristalli) / Fillippo de Monte -- Col seno pien di rose & di viole. (Seconda parte: Il capo levi sotto l'onde ascoso) / Joan Contino -- Chi desia di veder pietoso e fiero. (Seconda parte: O leggiadre amorose & care doglie) / Perissone -- Voi mi dite madonna / Joan Contino -- Madonna poi ch'uccider mi volete / Claudio da Correggio -- Io son pur giont'amore / Incerto Autore -- Ditene o Dei del cielo / Francesco Londariti -- Come nel mar de tempestosi danni / Jacobo de Kerle -- Io mi rivoglo in dietr'a ciascun passo / D'Incerto Autore -- Per mantener amor imperio & regno / D'Incerto Autore -- Cosi dunque va il mondo o fere stelle / Sper'in Dio Bertoldo -- Gravi pene in amor si provan molte / Allessandro Striggio -- Calami sonum ferentes siculo / Cipriano.
=510  1\$aLewis, Mary S. Antonio Gardano: Venetian music printer, 1538 - 156. A descriptive bibliography and historical study. 2 vols. Garland, 1998 - 97. (Garland Reference Library of the Humanities, 718-9).
=510  1\$aRore, Cipriano de. Opera omnia: edidit Bernhardus Meier. II, Madrigalia 5 vocum. American Institute of Musicology, 1963. (Corpus mensurabilis musicae ; 14).
=510  4\$aRISM B/I,$c1561 ¹⁵
=546  \\$aItalian words.
=650  \0$aMadrigals, Italian.
=700  0\$aAnnibale,$cPadovano,$d1527-1575,$ecomposer.
=700  1\$aBerchem, Jachet de,$dactive 16th century,$ecomposer.
=700  1\$aBertoldo, Sperindio,$dapproximately 1530-1570,$ecomposer.
=700  1\$aCambio, Perissone,$dactive 16th century,$ecomposer.
=700  1\$aContino, Giovanni,$dapproximately 1513-approximately 1574,$ecomposer.
=700  1\$aGardane, Antonio,$d1509-1569,$eprinter.
=700  1\$aKerle, Jacobus de,$dapproximately 1531-1591,$ecomposer.
=700  1\$aLondariti, Francesco,$dapproximately 1518-approximately 1572,$ecomposer.
=700  1\$aMerulo, Claudio,$d1533-1604,$ecomposer.
=700  1\$aMonte, Philippe de,$d1521-1603,$ecomposer.
=700  1\$aStriggio, Alessandro,$d1536 or 1537-1592,$ecomposer.
=752  \\$aItaly$bVenice.$2lcsh/naf
=856  41$uhttp://purl.org/rism/BI/1561/15$yDigitised score
=859  \\$aXLD$bDCW
=852  4\$cDRT$jDigital Store A.70.u.$aBritish Library$bMUSIC
=985  \\$aRecord amended for WR# 13/070
=985  \\$aauthority check: multiple authors specified on tp, but other LoC examples have similar volumes under Rore.
=985  \\$aname title to add
=985  \\$aCorrected by MS generated file for WR# 1805-0738
=CAT  \\$aBATCH-DCW$b00$c20171103$lBLL01$h0210
=CAT  \\$a1805-0738$c20190111$lBLL01$h1806
=CAT  \\$a1805-0738$b00$c20190111$lBLL01$h1828
=FIN  \\$aY$d20171103
=LKR  \\$aPAR$lBLL01$r776$b004620624$mDi Cipriano et Annibale madregali a quatro voci ;$nDi Cipriano et Annibale madregali a quatro voci ;
=DGM  \\$a004620624$bCatBridge variable field
=DRT  \\$aDCW
=SRC  \\$aDCW$bDCW_20171102
=OHC  \\$a1
=LAS  \\$a1805-0738$b00$c20190111$lBLL01$h1828

