=LDR  04889 cm a22007577  4500
=001  018584021
=003  Uk
=005  20171103021020.0
=007  cr\mn\024mpada
=008  930329s1575\\\\it\||z\\s\\\\\\\\\\\ita\\
=FMT  \\$a  MU
=019  d\$afm00680002
=040  \\$aUk$beng$cUk
=041  \\$aita$alat
=042  \\$aukblsr
=082  14$a780$215
=245  00$aMadrigali a quattro voci insieme altri eccellenti autori /$bdi Cipriano et Annibale.
=250  \\$aNuovamente con nuova gionta ristampati.
=264  \1$aVenetia :$bAppresso li figliuoli di Antonio Gardano,$c1575.
=300  \\$a4 part books ;$c14 x 20 cm (oblong 4º)
=336  \\$anotated music$2rdacontent
=337  \\$acomputer$2rdamedia
=338  \\$aonline$2rdacarrier
=340  \\$m4to$2rdabf
=500  \\$aCollection of madrigals in four parts (SATB).
=500  \\$aCopy at A.70.n.(3.). Canto (16 leaves), Alto (16 leaves), Tenore (16 leaves), Basso (16 leaves); original pagination: Canto: [i], 1-30, [31] p. Alto: [i], 1-30, [31] p. Tenore: [i], 1-30, [31] p. Basso: [i], 1-30, [31] p.; paper dimensions: 143 x 205 mm.$5Uk
=500  \\$aCopy at A.70.n.(3.). Digitised score at http://purl.org/rism/BI/1575/15.$5Uk
=500  \\$aTitle from Canto part book.
=500  \\$aTranscribed title page from Canto part book: DI CIPRIANO ET ANNIBALE / MADRIGALI A QVATTRO VOCI INSIEME / ALTRI ECCELLENTI AVTORI, NVOVAMENTE / Con nuoua Gionta Ristampati. / CON PRIVILEGGIO. / A QVATRO VOCI / In Venetia Appresso li Figliuoli / di Antonio Gardano. / 1575.
=500  \\$aWith table of contents at the end.
=505  0\$aBen qui si mostra il ciel vago / Cipriano -- Ne l'aria in questi di / Cipriano -- Era il bel viso suo (seconda parte: E ne la face de begli occhi) / Cipriano -- Canzon. A qualunque animal (seconda stanza: Et io da che comincia la bell'alba; terza stanza: Quando la sera scaccia il chiaro giorno; quarta stanza: Non credo che pasce; quinta stanza: Prima ch'i torni a voi lucenti stelle; sesta & ultima stanza: Con lei foss'io) / Annibale Padoano -- Chi vol veder (seconda parte: Vedra i biondi capei) / Cipriano -- Se qual e'l mio dolore -- Madonna poi ch'uccider mi vole / Claudio da Correggio -- Felice sei Trevigi / Cipriano -- Si traviato e'l folle mio desio / Annibale Padoano -- Pecca la donn'a dar mort'a l'amante / Perissone -- Aspro cor'e selvaggio (seconda parte: Vivo sol di speranza) / Giachet Berchem -- Col seno pien di rose (seconda parte: Il capo levi sotto) / Joan Contino -- Chi desia di veder (seconda parte: O leggiadre amorose) / Perissone -- Voi mi dite madonna / Joan Contino -- Graui pene in amor / Alessandro Striggio -- Amorose viole che spargete / Costantio Porta -- Occhi sereni angeliche parole / Andrea Gabrieli -- Voi ch'ascoltate in rime sparse (seconda parte: Ma ben veggi'hor) / Gio. d'Andrea Gabrieli -- Musica dulci sono celestia / Cipriano -- Calami sonum ferentes / Cipriano.
=510  4\$aRISM B/I,$c1575 ¹⁵
=546  \\$aItalian or Latin words.
=650  \0$aMadrigals, Italian.
=650  \0$aMadrigals, Latin.
=700  0\$aAnnibale,$cPadovano,$d1527-1575,$ecomposer.
=700  1\$aBerchem, Jachet de,$dactive 16th century,$ecomposer.
=700  1\$aCambio, Perissone,$dactive 16th century,$ecomposer.
=700  1\$aContino, Giovanni,$dapproximately 1513-approximately 1574,$ecomposer.
=700  1\$aGabrieli, Andrea,$dapproximately 1533-1585,$ecomposer.
=700  1\$aGabrieli, Giovanni,$dapproximately 1554-1612,$ecomposer.
=700  1\$aGardane, Alessandro,$dactive 1575-1591,$eprinter.
=700  1\$aGardane, Antonio,$d1509-1569,$eprinter.
=700  1\$aGardano, Angelo,$d1540-1611,$eprinter.
=700  1\$aMerulo, Claudio,$d1533-1604,$ecomposer.
=700  1\$aPorta, Costanzo,$d1528 or 1529-1601,$ecomposer.
=700  1\$aRore, Cipriano de,$d1515 or 1516-1565,$ecomposer.
=700  1\$aStriggio, Alessandro,$d1536 or 1537-1592,$ecomposer.
=752  \\$aItaly$dVenice.$2lcsh/naf
=856  41$uhttp://purl.org/rism/BI/1575/15$yDigitised score
=859  \\$aXLD$bDCW
=852  4\$cDRT$jDigital Store A.70.n.(3.)$aBritish Library$bMUSIC
=985  \\$aEarly Music Online project
=985  \\$aRecord amended for WR# 13/070
=985  \\$aname title to add
=985  \\$aCorrected by MS generated file for WR# 1805-0738
=CAT  \\$aBATCH-DCW$b00$c20171103$lBLL01$h0210
=CAT  \\$a1805-0738$c20190111$lBLL01$h1806
=CAT  \\$a1805-0738$b00$c20190111$lBLL01$h1828
=FIN  \\$aY$d20171103
=LKR  \\$aPAR$lBLL01$r776$b004620625$mMadrigali a quattro voci insieme altri eccellenti autori / di Cipriano et Annibale.$nMadrigali a quattro voci insieme altri eccellenti autori / di Cipriano et Annibale.
=DGM  \\$a004620625$bCatBridge variable field
=DRT  \\$aDCW
=SRC  \\$aDCW$bDCW_20171102
=OHC  \\$a1
=LAS  \\$a1805-0738$b00$c20190111$lBLL01$h1828

