=LDR  04789 cm a22006377  4500
=001  018584022
=003  Uk
=005  20171103021020.0
=007  cr\mn\024mpada
=008  930401s1564\\\\it\||z\\s\\\\\\\\\\\ita\\
=FMT  \\$a  MU
=019  d\$agg01070023
=040  \\$aUk$beng$cUk
=041  \\$aita
=042  \\$aukblsr
=082  14$a780$215
=100  1\$aStriggio, Alessandro,$d1536 or 1537-1592.
=240  10$aMadrigals,$mvoices (5),$nbook 1
=245  13$aIl primo libro de madrigali a cinque voci.$cDi Alessandro Striggio genil'huomo mantovano servitore dell'illustiss. & eccellentiss. Cosmo de Medici Duca di Firenze è di Siena. Novamente per Antonio Gardano con nova gionta ristampato.
=264  \1$aIn Venetia :$bAppresso di Antonio Gardano,$c1564.
=300  \\$a5 part books ;$c16 x 22 cm (oblong 4º)
=336  \\$anotated music$2rdacontent
=337  \\$acomputer$2rdamedia
=338  \\$aonline$2rdacarrier
=340  \\$m4to$2rdabf
=500  \\$aCollection of madrigals in five parts (SATB5) by Alessandro Striggio, Giovanni Pierluigi da Palestrina and Cipriano de Rore.
=500  \\$aCopy at A.360.a. CANTO (20 leaves) ALTO (20 leaves) TENORE (20 leaves) BASSO (20 leaves) QVINTO (20 leaves); original foliation: Canto: [i], 1-33, 44, 35-38, [39] Alto: [i], 1-38, [39] Tenore: [i], 1-38, [39] Basso: [i], 1-38, [39] Quinto: [i], 1-38, [39]; paper dimensions: 149 x 212 mm.$5Uk
=500  \\$aCopy at A.360.a. Digitised score at http://purl.org/rism/BI/1564/19.$5Uk
=500  \\$aPrevious editions include RISM B/I 1560/23, 1560/24 and 1560/24A.
=500  \\$aTranscribed title page from canto part book: DI ALESSANDRO STRIGGIO / GENTIL'HVOMO MANTOVANO SERVITORE / dell'illustriss. & Eccellentiss. Cosmo de Medici Duca di Firenze, è di Siena. Il primo libro de / Madrigali a cinque uoci, Nouamente per Antonio Gardano con Noua gionta Ristampato. /A CINQVE VOCI / In Venetia appresso / di Antonio Gardano. / 1564.
=500  \\$aWith table of contents ('TAVOLA Delli Madrigali Numero 45').
=505  0\$aO de la bell' Etruria (seconda parte: Degno che dotte historie) -- Invidioso Amor -- Felice l'alma che per voi sospira -- Mentre la donna anzi la vita mia -- Caro dolce ben mio -- Giovane Illustre (seconda parte: Alma reale) (terza parte: O sopra l'altre aventuros'etate) -- Epitalamio. Hor che lucente e chiara (seconda parte: A i gigli e'a le viole) (terza parte: Ecco ch'ei giunge a noi) (quarta parte: Hor mentr'il bel pianeta) (quinta & ultima parte: Che quest'e quel) -- Chi brama al maggior caldo -- Pensai lasso fra quest'alpestri monti -- Notte felice -- Era la mia virtu quasi smarrita -- Era'l bel viso suo -- Donna felice & bella (seconda parte: Se ne la mente mia) -- Madonna il vostro petto -- Torbido'il Mincio corre (seconda parte: Una celeste Nube) -- Miser' hoime chi potra piu'allegrarmi -- Misero piu d'ogn'huo[m] -- Che deggio far -- Arse cosi per voi do[n]na il mio core -- Ditemi o donna mia ditem'un poco -- Illustre'alma gentile (seconda parte: Non puo'ingegno mortale) -- Si dolc'e d'amar voi lo mio desio -- Ridon liete le rive ([seconda parte]: Paghi dunqu'il mio pianto) -- Quanto privo di te -- Non fiammeggiav'anchor nel'oriente -- Ardendo i grido'e moro -- Voi se col raggio di virtute ardente (seconda parte: Ch'alzato al suon di mie piu chiare squille) -- Poi che morta'e colei -- Donna bell'e gentil / Gianetto da Palestrina -- O voi che sotto l'amorose insegne (seconda parte: Si dira poi ciascun) / Cipriano.
=510  4\$aJ. Bernstein: Music Printing in Renaissance Venice: The Scotto Press, 1539-72 (New York, 1998),$cno. 185.
=510  4\$aRISM B/I,$c1564 ¹⁹
=546  \\$aItalian words.
=650  \0$aMadrigals, Italian.
=700  1\$aGardane, Antonio,$d1509-1569,$eprinter.
=700  1\$aPalestrina, Giovanni Pierluigi da,$d1525?-1594,$ecomposer.
=700  1\$aRore, Cipriano de,$d1515 or 1516-1565,$ecomposer.
=752  \\$aItaly$dVenice.$2lcsh/naf
=856  41$uhttp://purl.org/rism/BI/1564/19$yDigitised score
=859  \\$aXLD$bDCW
=852  4\$cDRT$jDigital Store A.360.a.$aBritish Library$bMUSIC
=985  \\$aRecord amended for WR# 13/070
=985  \\$aname title to add
=985  \\$aCorrected by MS generated file for WR# 1805-0738
=CAT  \\$aBATCH-DCW$b00$c20171103$lBLL01$h0210
=CAT  \\$a1805-0738$c20190111$lBLL01$h1806
=CAT  \\$a1805-0738$b00$c20190111$lBLL01$h1828
=FIN  \\$aY$d20171103
=LKR  \\$aPAR$lBLL01$r776$b004686548$mIl primo libro de madrigali a cinque voci.$nIl primo libro de madrigali a cinque voci.
=DGM  \\$a004686548$bCatBridge variable field
=DRT  \\$aDCW
=SRC  \\$aDCW$bDCW_20171102
=OHC  \\$a1
=LAS  \\$a1805-0738$b00$c20190111$lBLL01$h1828

