=LDR  05039 cm a22006617  4500
=001  018584542
=003  Uk
=005  20171104021219.0
=007  cr\mn\024mpada
=008  930310s1590\\\\gw\||z\\s\\\\\\\\\\\ger\\
=FMT  \\$a  MU
=019  d\$aak03380001
=019  d\$aak03380002
=040  \\$aUk$beng$cUk
=041  0\$ager$gger
=042  \\$aukblsr
=082  14$a780$215
=100  1\$aBrechtel, Franz Joachim,$d1554-1593,$ecomposer.
=245  10$aNeue kurtzweilige Teutsche Liedlein :$bmit vier und fünff stimmen, nach Art der Welschen Canzonetten /$ccomponirt durch Frantz Joachim Brechtel.
=264  \1$a[Nuremberg] :$bGedruckt zu Nürmberg durch Catharinam Gerlachin,$cMDXC [1590]
=300  \\$a4 part books ;$c16 x 20 cm (oblong 4º)
=336  \\$anotated music$2rdacontent
=337  \\$acomputer$2rdamedia
=338  \\$aonline$2rdacarrier
=340  \\$m4to$2rdabf
=500  \\$aCollection of twenty German songs; eighteen are composed by Franz Joachim Brechtel, one is by Noé Faignient and one by Teodoro Riccio.
=500  \\$aCopy at A.47. Cantus (20 leaves), Altus (20 leaves), Tenor (20 leaves), Bassus (18 leaves); paper dimensions: 155 x 200 mm.$5Uk
=500  \\$aCopy at A.47. Digitised score at http://purl.org/rism/BI/1590/27.$5Uk
=500  \\$aThe first fifteen songs are in four parts (CATB). The last five songs are in five parts (1 x CCATB), (3 x CAATB), (1 x CATTB). Altus book contains an altus secundus part for songs 16 (Der dienst bin ich müd), 17 (Der Bulschaft hab ich gnug) and 19 (Wan acht die Music). Tenor book contains a tenor secundus part for song 18 (Ich armer knab). Cantus book contains a cantus secundus part for song 20 (Gott bhüte dich).
=500  \\$aTranscribed title page from cantus part book: Neue kurtzweilige Teutsche Lied= / lein/mit vier und fünff stimmen/nach art der / Welschen Canzonetten componirt / Durch / Frantz Joachim Brechtel. / CANTVS. / Mit Römischer Keiserlicher Maiestat freyheit / nit nachzudrucken. / Gedruckt zu Nürmberg/durch Catha= / rinam Gerlachin. / M. D. XC.
=500  \\$aWith table of contents and preface in German, the latter written by Paul Kauffmann, dated 17 December 1589.
=505  0\$aVertrauter gsell mir kombt jetzund zu ohren / Franz Joachim Brechtel -- Hoer doch mein freund/die ich vermeint / Franz Joachim Brechtel -- O Glück/ich weiß nichts vo[n] dir / Franz Joachim Brechtel -- Ich war des sinns/ und gschah mit jrem willen / Franz Joachim Brechtel -- Freulein ich bitt/verargt mirs nicht / Franz Joachim Brechtel -- Mein hertz habt jr/doch gantz un[d] gar eingenommen / Franz Joachim Brechtel -- Hertz lieb betracht/und nit gring acht / Franz Joachim Brechtel -- Bey süsser lieb laß dich im netz nicht fangen / Franz Joachim Brechtel -- Jungfrau ich muß verbrinnen/Jungfrau ich scheid vo[n] hinnen / Franz Joachim Brechtel -- Euch schöns Jungfreulein hab ich außerlesen / Franz Joachim Brechtel -- Die lieb die hat vergiffte gschoß / Franz Joachim Brechtel -- Ein Tochter hett jr ehr verschertzt / Franz Joachim Brechtel -- Jungfrau/Jungfrau seit unbeschwert und kombt herfür / Franz Joachim Brechtel -- Ich hab vil müh und zeit drauf gwendt / Franz Joachim Brechtel -- Ich bring meim bruder ein guten trunck / Noe Faignien Der dienst bin ich müd/die ich nun lang bißher an dich gehangen / Franz Joachim Brechtel -- Der Bulschaft hab ich gnug/und thu nun fragen / T. Riccius -- Ich armer knab/bin gar schabab / Franz Joachim Brechtel -- Wan acht die Music also hoch und teuer / Franz Joachim Brechtel -- Gott bhüte dich/deßgleichen mich / Franz Joachim Brechtel.
=510  4\$aRISM B/I,$c1590 ²⁷
=546  \\$aGerman words.
=650  \0$aPart songs, German.
=700  1\$aFaignient, Noé,$dactive 1560-1600,$ecomposer.
=700  1\$aGerlach, Katharina,$dactive 1578-1591,$eprinter.
=700  1\$aGruber, Georgio,$ededicatee.
=700  1\$aKauffmann, Paul,$dactive 1594-1617,$eauthor of introduction, etc.
=700  1\$aRiccio, Teodoro,$dapproximately 1540-approximately 1600,$ecomposer.
=752  \\$aGermany$dNuremberg.$2lcsh/naf
=856  41$uhttp://purl.org/rism/BI/1590/27$yDigitised score
=859  \\$aXLD$bDCW
=852  4\$cDRT$jDigital Store A.47.$aBritish Library$bMUSIC
=985  \\$aEarly Music Online project
=985  \\$aRecord amended for WR# 13/070
=985  \\$aname title to add
=985  \\$aCorrected by MS generated file for WR# 1805-0738
=CAT  \\$aBATCH-DCW$b00$c20171104$lBLL01$h0212
=CAT  \\$a1805-0738$c20190111$lBLL01$h1806
=CAT  \\$a1805-0738$b00$c20190111$lBLL01$h1828
=FIN  \\$aY$d20171104
=LKR  \\$aPAR$lBLL01$r776$b004237112$mNeue kurtzweilige Teutsche Liedlein : mit vier und fünff stimmen, nach Art der Welschen Canzonetten /$nNeue kurtzweilige Teutsche Liedlein : mit vier und fünff stimmen, nach Art der Welschen Canzonetten /
=DGM  \\$a004237112$bCatBridge variable field
=DRT  \\$aDCW
=SRC  \\$aDCW$bDCW_20171103
=OHC  \\$a2
=LAS  \\$a1805-0738$b00$c20190111$lBLL01$h1828

