=LDR  04879 cm a22006857  4500
=001  018584543
=003  Uk
=005  20171104021222.0
=007  cr\mn\024mpada
=008  930322s1592\\\\it\||z\\s\\\\\\\\\\\ita\\
=FMT  \\$a  MU
=019  d\$aef10350143
=040  \\$aUk$beng$cUk
=041  \\$aita
=042  \\$aukblsr
=082  14$a780$215
=100  1\$aLasso, Orlando di,$d1532-1594.
=240  10$aMadrigals,$mvoices (4),$plibro 1
=245  13$aIl primo libro di madrigali a quattro voci /$cDi Orlando di Lassus. Novamente con ogni diligenza ristampati.
=264  \1$aIn Venetia :$bAppresso Angelo Gardano,$cMDLXXXXII [1592]
=300  \\$a4 part books ;$c16 x 22 cm (oblong 4º)
=336  \\$anotated music$2rdacontent
=337  \\$acomputer$2rdamedia
=338  \\$aonline$2rdacarrier
=340  \\$m4to$2rdabf
=500  \\$aCollection of madrigals and canzoni in four parts (SATB), with table of contents ('Tavolla delli madrigali') separating madrigals and canzoni. All four-part works, except for some stanzas of 'Sovra una verde riva', which are in three parts. 'Non vi vieto per questo', here assigned to Lassus, is elsewhere attributed to Hoste da Reggio.
=500  \\$aCopy at A.338.d. Alto (16 leaves), Basso (16 leaves); original pagination: Alto: [i], 1-30, [31], Basso: [i], 1-30, [31]; paper dimensions: 146 x 210 mm.$5Uk
=500  \\$aCopy at A.338.d. Digitised score at http://purl.org/rism/BI/1592/18.$5Uk
=500  \\$aSame contents as RISM B/I, 1560 ¹⁷.
=500  \\$aTranscribed from bassus part book: Venetijs Apud Angelum Gardanum.
=500  \\$aTranscribed title page from alto part book: DI ORLANDO DI LASSVS / IL PRIMO LIBRO DI MADRIGALI / A QVATTRO VOCI. / Nouamente con ogni diligenza Ristampati. / In Venetia Appresso Angelo Gardano. / M. D. LXXXXII.
=505  0\$aPer pianto la mia carne (Seconda parte: Vivo sol di speranza) / Orlando di Lassus -- Queste non son piu lagrime / Orlando di Lassus -- Canzon (Prima stanza: Del freddo Rheno) (Seconda stanza: Ch'il crederà) (Terza stanza: Rottava & è pur ver) (Quarta stanza: Si fe cristallo al fiume) (Quitna (sic) stanza: Et io qual fui restai) (Sesta & ultima stanza: Hor su la nuda terra) / Orlando -- Appariran per me le stell'in cielo / Orlando di Lassus -- Non vi vieto per questo / Orlando di Lassus -- Donna s'amor é in voi / Giovanni Lochemburgo -- Quanto'l mio duol / Orlando di Lassus -- Quel si grave dolore / Giovanni Lochemburgo -- Se vi fur'& vi sono (Risposta) S'in voi puo dirsi / Giovanni Lochemburgo -- Donna gentil / Giovanni Lochemburgo -- Quando da voi Madonna / Gio. Dominico de Nola -- Perch'io veggio e mi spiace / Orlando di Lassus -- Vatene lieta homai / Orlando di Lassus -- Canzon. Prima stanza: Sovra unà verde riva (seconda stanza: Apri l'uscio per tempo) (terza stanza a3: Valli vicini e rupi) (quarta stanza: Nascan herbett'e fiori) (quinta stanza a3: In questo dì giocondo) (sesta stanza: Mentre per questi monti) (Per cortesia canzon) -- Canzon. Prima stanza: Giovane donna (seconda stanza: All'hor saran i mei pensieri) (terza stanza: Ma perche vola'l tempo) (quarta stanza: Non fur giammai veduti) (quinta stanza: I temo di cangiar) (sesta & ultima stanza: Dentro pur foco) / Francesco Roscelli -- Occhi piangete accompagnate il core -- Orlando di Lassus -- Se ben l'empia mia sorte / Orlando di Lassus -- O del mio navigar / Constantio Porta.
=510  4\$aR.J. Agee: The Gardano Music Printing Firms, 1569-1611 (Rochester, NY, 1998),$cp. 283.
=510  4\$aRISM B/I,$c1592 ¹⁸
=546  \\$aItalian words.
=650  \0$aMadrigals, Italian.
=700  0\$aHoste,$cda Reggio,$dactive 1545-1560,$ecomposer.
=700  1\$aGardano, Angelo,$d1540-1611,$eprinter.
=700  1\$aLockenburg, Johannes,$d-1591 or 1592,$ecomposer.
=700  1\$aNola, Gian Domenico del Giovane da,$d-1592,$ecomposer.
=700  1\$aPorta, Costanzo,$d1528 or 1529-1601,$ecomposer.
=700  1\$aRoussel, François,$dapproximately 1510-$ecomposer.
=752  \\$aItaly$dVenice.$2lcsh/naf
=856  41$uhttp://purl.org/rism/BI/1592/18$yDigitised score
=859  \\$aXLD$bDCW
=852  4\$cDRT$jDigital Store A.338.d.$aBritish Library$bMUSIC
=985  \\$aEarly Music Online project
=985  \\$aRecord amended for WR# 13/070
=985  \\$aname title to add
=985  \\$aCorrected by MS generated file for WR# 1805-0738
=CAT  \\$aBATCH-DCW$b00$c20171104$lBLL01$h0212
=CAT  \\$a1805-0738$c20190111$lBLL01$h1806
=CAT  \\$a1805-0738$b00$c20190111$lBLL01$h1828
=FIN  \\$aY$d20171104
=LKR  \\$aPAR$lBLL01$r776$b004468726$mIl primo libro di madrigali a quattro voci /$nIl primo libro di madrigali a quattro voci /
=DGM  \\$a004468726$bCatBridge variable field
=DRT  \\$aDCW
=SRC  \\$aDCW$bDCW_20171103
=OHC  \\$a1
=LAS  \\$a1805-0738$b00$c20190111$lBLL01$h1828

