=LDR  03656 cm a22006257  4500
=001  018584544
=003  Uk
=005  20171104021222.0
=007  cr\mn\024mpada
=008  930325s1589\\\\gw\||z\\s\\\\\\\\\\\ita\\
=FMT  \\$a  MU
=019  d\$afe11580004
=040  \\$aUk$beng$cUk
=041  \\$aita$alat$glat
=042  \\$aukblsr
=082  14$a780$215
=100  1\$aOrologio, Alessandro,$dapproximately 1550-1633?.
=240  10$aMadrigals,$mvoices (4-6),$nbook 2
=245  13$aIl secondo libro de madrigali à quatro, à cinque, & à sei voci. /$cdi Alessandro Orologio, novamente composti & dati in luce.
=264  \1$aDresdae :$bTypis Elect. Saxoniae,$cMDLXXXIX [1589]
=300  \\$a5 part books ;$c16 x 22 cm (oblong 4º)
=336  \\$anotated music$2rdacontent
=337  \\$acomputer$2rdamedia
=338  \\$aonline$2rdacarrier
=340  \\$m4to$2rdabf
=500  \\$aCollection of madrigals for 4-6 voices.
=500  \\$aCopy at A.303. Digitised score at http://purl.org/rism/BI/1589/15.$5Uk
=500  \\$aCopy at A.303. Tenore (12 leaves), Quinto (12 leaves); original pagination: Tenore: [i-ii], 1-21, [22] p., Quinto: [i-ii], 4-18, 19, 19, 20, 20, 21, 21, [25] p.; paper dimensions: 153 x 200 mm.$5Uk
=500  \\$aThe Sesto part for 'Nelle guancie leggiadre et amorose (seconda parte: Candide piu che cigno)' and 'Omnia vincit Amor' is printed alongside the Quinto part in the Quinto part book.
=500  \\$aTitle from Tenore part book.
=500  \\$aTranscribed title page from Tenore part book: DI ALESSANDRO OROLOGIO / IL SECONDO LIBRO DE MADRI- / gali à Quatro, à Cinque, & à Sei voci. / Nouamente composti & dati in luce. / DRESDAE, / Typis Elect. Saxoniae, anno M. D. LXXXIX.
=505  0\$aBaci soavi e cari -- Laura soave vita de mia vita -- Lieto phebo del mar -- Gliocchi sereni e le stellanti ciglia -- Cosi leggiadre, e belle -- Occhi sereni angeliche parole -- Dentr' a un bagno di rose & di viole -- Hor la spinge hor ritiene -- Cantiamo lieti, e voi Fauni, e pastori -- Quando mia fera stella -- Mentre io mirava fiso -- Per la dolce, e si cara gioia -- Fiamma d'amor che m'hai brusat'il core / Ruggiero Michaeli -- Queta' era l'aria -- O novella d'amor fiamma lucente (seconda parte: Encomincio, o sirena, o Nimpha, o dea) -- Io son ferito, è chi mi punse il core -- Come havrà vita amor -- Nelle guancie leggiadre et amorose (seconda parte: Candide piu che cigno) -- Omnia vincit Amor.
=510  4\$aRISM B/I,$c1589 ¹⁵
=546  \\$aItalian or Latin words.
=650  \0$aMadrigals, Italian.
=700  0\$aChristian,$bI,$cElector of Saxony,$d1560-1591,$ededicatee.
=700  1\$aMichaeli, Ruggiero,$ecomposer.
=700  1\$aOrologio, Alessandro,$dapproximately 1550-1633?,$ecomposer.
=752  \\$aGermany$dDresden.$2lcsh/naf
=856  41$uhttp://purl.org/rism/BI/1589/15$yDigitised score
=859  \\$aXLD$bDCW
=852  4\$cDRT$jDigital Store A.303.$aBritish Library$bMUSIC
=985  \\$aRecord amended for WR# 13/070
=985  \\$aname title to add
=985  \\$aCorrected by MS generated file for WR# 1805-0738
=CAT  \\$aBATCH-DCW$b00$c20171104$lBLL01$h0212
=CAT  \\$a1805-0738$c20190111$lBLL01$h1806
=CAT  \\$a1805-0738$b00$c20190111$lBLL01$h1828
=FIN  \\$aY$d20171104
=LKR  \\$aPAR$lBLL01$r776$b004563078$mIl secondo libro de madrigali à quatro, à cinque, & à sei voci. /$nIl secondo libro de madrigali à quatro, à cinque, & à sei voci. /
=DGM  \\$a004563078$bCatBridge variable field
=DRT  \\$aDCW
=SRC  \\$aDCW$bDCW_20171103
=OHC  \\$a1
=LAS  \\$a1805-0738$b00$c20190111$lBLL01$h1828

