=LDR  04006 cm a22006617  4500
=001  018584545
=003  Uk
=005  20171104021222.0
=007  cr\mn\024mpada
=008  930329s1580\\\\it\||z\\s\\\\\\\\\\\ita\\
=FMT  \\$a  MU
=019  d\$afm00670020
=040  \\$aUk$beng$cUk
=041  \\$aita
=042  \\$aukblsr
=082  14$a780$215
=100  1\$aRore, Cipriano de,$d1515 or 1516-1565.
=240  10$aMadrigals,$mvoices (5),$nbook 4
=245  13$aIl quarto libro de madrigali a cinque voci /$cDi Cipriano de Rore. Nuovamente ristampato.
=264  \1$aIn Venetia :$bappresso Angelo Gardano,$c1580.
=300  \\$a5 part books ;$c15 x 21 cm (oblong 4º)
=336  \\$anotated music$2rdacontent
=337  \\$acomputer$2rdamedia
=338  \\$aonline$2rdacarrier
=340  \\$m4to$2rdabf
=500  \\$aCollection of madrigals in five, six and eight parts, with alphabetical list of contents. All are five-part works except for the penultimate (in six parts) and the last (in eight parts).
=500  \\$aCopy at A.70.l. Canto (12 leaves), Alto (12 leaves), Tenore (12 leaves), Basso (12 leaves), Quinto (12 leaves); original pagination: Canto: [i], 1-22, [23], Alto: [i], 1-22, [23], Tenore: [i], 1-22, [23], Basso [i], 1-22, [23], Quinto: [i], 1-22, [23]; paper dimensions: 148 x 208 mm.$5Uk
=500  \\$aCopy at A.70.l. Digitised score at http://purl.org/rism/BI/1580/12.
=500  \\$aReprint, with some changes, of RISM B/I, 1557 ²³ and 1563 ¹⁴.
=500  \\$aTranscribed title page from canto part book: DI CIPRIANO DE RORE / IL QVARTO LIBRO DE MADRIGALI / A CINQVE VOCI. / Nuouamente Ristampato. / In Venetia appresso / Angelo Gardano / 1580.
=505  0\$aLa bella greca / Cipriano de Rore -- O Morte eterno fin / Cipriano de Rore -- Alcun non puo saper / Cipriano de Rore -- L'ineffabil bonta / Cipriano de Rore -- Ingrata e la mia donna (seconda parte: Ingrat'hai lasso l'amo) / Adriano -- Volgi il tuo corso / Cipriano de Rore -- Come la notte / Cipriano de Rore -- Quando signor lasciaste (seconda parte: Ma poi che vostr'altezza) / Cipriano de Rore -- Io mi rivolgo indietro (seconda parte: Talhor m'assale) / Giovan Nasco -- Di virtu di costumi (seconda parte: Cosi'l mio stil) / Cipriano de Rore -- Discolorato hai morte (seconda parte: Ben torna a consolar) / Pietro Taglia -- Se ben il duol (seconda parte: Ben voi) / Cipriano de Rore -- L'alto signor a6 (seconda parte: L'una piaga arde) / Cipriano de Rore -- A[mor se cosi dolce]. Dialogo a8 / Cipriano de Rore.
=510  4\$aM.S. Lewis: Antonio Gardano, Venetian Music Printer 1538-1569: a Descriptive Bibliography and Historical Study (New York, 1988-97),$cno. 232.
=510  4\$aR.J. Agee: The Gardano Music Printing Firms, 1569-1611 (Rochester, NY, 1998),$cp. 231.
=510  4\$aRISM B/I,$c1580 ¹²
=546  \\$aItalian words.
=650  \0$aMadrigals, Italian.
=700  1\$aGardano, Angelo,$d1540-1611,$eprinter.
=700  1\$aNasco, Giovanni,$dapproximately 1510-1561,$ecomposer.
=700  1\$aTaglia, Pietro,$dactive 16th century,$ecomposer.
=700  1\$aWillaert, Adrian,$d1490?-1562,$ecomposer.
=752  \\$aItaly$dVenice.$2lcsh/naf
=856  41$uhttp://purl.org/rism/BI/1580/12$yDigitised score
=859  \\$aXLD$bDCW
=852  4\$cDRT$jDigital Store A.70.l.$aBritish Library$bMUSIC
=985  \\$aEarly Music Online project
=985  \\$aRecord amended for WR# 13/070
=985  \\$aname title to add
=985  \\$aCorrected by MS generated file for WR# 1805-0738
=CAT  \\$aBATCH-DCW$b00$c20171104$lBLL01$h0212
=CAT  \\$a1805-0738$c20190111$lBLL01$h1806
=CAT  \\$a1805-0738$b00$c20190111$lBLL01$h1828
=FIN  \\$aY$d20171104
=LKR  \\$aPAR$lBLL01$r776$b004620608$mIl quarto libro de madrigali a cinque voci /$nIl quarto libro de madrigali a cinque voci /
=DGM  \\$a004620608$bCatBridge variable field
=DRT  \\$aDCW
=SRC  \\$aDCW$bDCW_20171103
=OHC  \\$a1
=LAS  \\$a1805-0738$b00$c20190111$lBLL01$h1828

