=LDR  05792ccm a22008417  4500
=001  018586795
=003  Uk
=005  20230713102306.0
=007  cr\mn\024mpada
=008  930322s1555\\\\be\||z\\s\\\\\\\\\\\fre\\
=FMT  \\$a  MU
=019  d\$aec15160008
=040  \\$aUk$beng$cUk
=041  \\$afre
=042  \\$aukblsr
=082  14$a780$215
=130  0\$aJardin musical,$nlivre 1
=245  10$aJardin musiqual, contenant plusieurs belles fleurs de chansons.$nLe premieur livre /$cchoysies d'entre les oeuvres de plusieurs auteurs excellents en l'art de musique ensemble le blason de beau & laid. Tetin propices tant a la voix comme aux instruments.
=264  \1$aEn Anvers :$bPar Hubert Waelrant & Jean Laet,$c[1555?]
=300  \\$a4 part books ;$c16 x 20 cm (oblong 4º)
=336  \\$anotated music$2rdacontent
=337  \\$acomputer$2rdamedia
=338  \\$aonline$2rdacarrier
=340  \\$m4to$2rdabf
=500  \\$aCollection of 24 chansons in four parts (SATB).
=500  \\$aCopy at A.431.(1.). Digitised score at http://purl.org/rism/BI/1556/17.$5Uk
=500  \\$aCopy at A.431.(1.). Tenor (16 leaves), Contratenor (16 leaves), Bassus (16 leaves); original pagination: Tenor [i - iii], iiii - xxxi, Contratenor [i - iii], iiii - ix, xiiii - xvi, xiii, x - xii, xvii - xxxi, Bassus [i - iii], iiii - xxxi; paper dimensions: 153 x 200 mm.$5Uk
=500  \\$aTranscribed title page from tenor part book: TENOR / IARDIN MVSIQVAL CONTE- / NANT PLVSIEVRS BELLES FLEURS DE CHANSONS, / Choysies d'entre les ouures de plusiers auteurs excellents / en l'art de Musique. ensemble le blason de beau & / laid Tetin propices tant a la voix com- / me aux instruments / Le Premiere Liure / EN ANVERS / Par Hubert Vvaelrant & Iean Laet / Auec Preuilege.
=500  \\$aWith a dedication to Conrad Schetz, a merchant, and prince of the Growing Tree chamber of rhetoric. See Weaver, Waelrant and Laet, pp.15-16.
=500  \\$aWith table of contents in each part book.
=505  0\$aEn attendant le confort de mamye / Petit Jan de Latre -- Les fillettes dypres sont fort jolyes / Bracquet -- Je ne desire aymer aultre personne / Cricquillon -- Le coeur le corps le sens l'e[n]tendeme[n]t / Cricquillon -- En souspirant souve[n]t je pers la laine / Caulerij -- Dame par ta rudesse tu my fait la[n]guir / Baston -- A tout jamais vous faire hu[m]ble service / Hanricq -- Amour et moy avons faict a[c]cointa[n]ce / Cricquillon -- Fault il qui sort ma douce amye / O de Latre -- Dung nouveau dard je suis frappe / Clemens non Papa -- Un jour au bois subz la ramee / A.Tubal -- Dicte ouy cest ung mot seulleme[n]t / Hanricq -- Vous avez grace en bonne foy / Barbion -- Venes au may vrai ama[n]s sans party / Le Roy -- Amour et craincte et esperance / Cricquillon -- Qui est celuy en ce mo[n]de / Dambert -- Celuy q[ui] ey loing de samye / Clemens non Papa -- Amour et foy sans ta[n]t bie[n] allyes / Cricquillon -- Fi de tresoirs quy na le coeur joyeulx / Chastelain -- A vous aymer veulx me etre mo[n] ete[n]te / Crespel -- Amour leal en personne co[n]stante / Vaet -- Soyo[n]s joyeulx faisons la bon[n]e chiere / Petit Jan -- Tetin reffect plus bla[n]c qu'un oeuf / Clemens Jenneqin -- Tetin q[ui] n'as rie[n], que la peau / Clemens non Papa.
=510  1\$aWeaver, Robert Lee. A Descriptive Bibliographical Catalog of the Music Printed by Hubert Waelrant and Jan de Laet. Warren, MI, 1995.
=510  1\$aWeaver, Robert Lee. Walrant and Laet: music publishers in Antwerp's golden age. Warren, MI. 1995.
=510  4\$aRISM B/I,$c1556 ¹⁷
=546  \\$aFrench words.
=650  \0$aPolyphonic chansons.
=700  1\$aBarbion, Eustachius,$d-1556,$ecomposer.
=700  1\$aBaston, Josquin,$dactive 1542-1563,$ecomposer.
=700  1\$aBracquet, Gilles,$dactive 1551-9,$ecomposer.
=700  1\$aCaulery, Jean,$dactive 1556,$ecomposer.
=700  1\$aChastelain, Charles,$dapproximately 1490-1578,$ecomposer.
=700  1\$aClemens non Papa, Jacobus,$dapproximately 1510-approximately 1555,$ecomposer.
=700  1\$aCrecquillon, Thomas,$d-1557?,$ecomposer.
=700  1\$aCrespel, Jean,$dactive 16th century,$ecomposer.
=700  1\$aDambert,$dactive 16th century,$ecomposer.
=700  1\$aDe Latre, Petit Jean,$dapproximately 1510-1569,$ecomposer.
=700  1\$aHavericq, Damien,$dactive 1538-1556,$ecomposer.
=700  1\$aJanequin, Clément,$dapproximately 1495-approximately 1560,$ecomposer.
=700  1\$aLaet, Jean,$dapproximately 1525-approximately 1567,$eprinter.
=700  1\$aLe Roy, Adrian,$dapproximately 1520-1598,$ecomposer.
=700  1\$aSchetz, Cunrad,$ededicatee.
=700  1\$aTubal, Adrian,$dactive 1553-1556,$ecomposer.
=700  1\$aVaet, Jacobus,$dapproximately 1529-1567,$ecomposer.
=700  1\$aWaelrant, Hubert,$d1516 or 1517-1595,$eprinter.
=752  \\$aBelgium$dAntwerp.$2lcsh/naf
=856  41$uhttp://purl.org/rism/BI/1556/17$yDigitised score
=859  \\$aXLD$bDCW
=852  4\$cDRT$jDigital Store A.431.(1.)$aBritish Library$bMUSIC
=985  \\$aEarly Music Online project
=985  \\$aRecord amended for WR# 13/070
=985  \\$aname title to add
=985  \\$aCorrected by MS generated file for WR# 1805-0738
=CAT  \\$aBATCH-DCW$b00$c20171107$lBLL01$h0205
=CAT  \\$a1805-0738$c20190111$lBLL01$h1807
=CAT  \\$a1805-0738$b00$c20190111$lBLL01$h1828
=CAT  \\$aMFISHER$b40$c20230713$lBLL01$h1023
=FIN  \\$aY$d20171107
=LKR  \\$aPAR$lBLL01$r776$b004435025$mJardin musiqual, contenant plusieurs belles fleurs de chansons.$nJardin musiqual, contenant plusieurs belles fleurs de chansons.
=DGM  \\$a004435025$bCatBridge variable field
=DRT  \\$aDCW
=SRC  \\$aDCW$bDCW_20171106
=OHC  \\$a1
=LAS  \\$aMFISHER$b40$c20230713$lBLL01$h1023

