=LDR  06106ccm a22007817  4500
=001  018586796
=003  Uk
=005  20230713102348.0
=007  cr\mn\024mpada
=008  930322s1556\\\\be\||z\\s\\\\\\\\\\\fre\\
=FMT  \\$a  MU
=019  d\$aec15160009
=040  \\$aUk$beng$cUk
=041  \\$afre
=042  \\$aukblsr
=082  14$a780$215
=130  0\$aJardin musical,$nlivre 2
=245  10$aJardin musical, contenant plusieurs belles fleurs de chansons spirituelles à quatre parties /$ccomposees par Maistre Jean Caulery, Maistre de la Chappelle de la Royne de France & de plusieurs autres excellens autheurs en l'art de musicque, tant propices a la voix comme aux instrumentz. Livre second.
=264  \1$aAnvers :$bPar Hubert Waelrant & Jean Laet,$c[1556]
=300  \\$a4 part books ;$c16 x 20 cm (oblong 4º)
=336  \\$anotated music$2rdacontent
=337  \\$acomputer$2rdamedia
=338  \\$aonline$2rdacarrier
=340  \\$m4to$2rdabf
=500  \\$aCollection of chansons spirituelles in four parts (SATB), with a table of contents in each part book.
=500  \\$aCopy at A.431.(2.). Digitised score at http://purl.org/rism/BI/1556/18.$5Uk
=500  \\$aCopy at A.431.(2.). Tenor (16 leaves), Contratenor (16 leaves), Bassus (16 leaves); original pagination: Tenor [i - iii], iv - xxxi, [xxxii], Contratenor [i - iii], iiii - xxvi, [xxvii], xxviii - xxxi, [xxxii], Bassus [i - iii], iiii - xxxi, [xxxii]; paper dimensions: 153 x 200 mm.$5Uk
=500  \\$aFour-part chansons spirituelles (nos. 1 and 2 in two sections, no. 8 in three sections) and nine four-part chansons. Nos. 15 - 18, 20, 22 - 25 set secular texts. Si Dieu vouloit (no. 16) now identified as by Jannequin (Weaver Descriptive ... catalog, p.58 footnote 5).
=500  \\$aTranscribed title page from tenor part book: TENOR / IARDIN MVSIQVAL CONTE- / NANT PLVSIEVRS BELLES FLEURS DE / Chansons spirituelles a quatre parties, composees par / Maistre Iean Caulery, Maistre de la Chappelle de / la Royne de France & de plusiers autres / excellens autheurs en l'art de Music- / que, tant propices a la voix / comme aux instrumentz. / Liure second. / EN ANVERS. / Chez Hubert Vvaelrant & Iean Laet. / Auec Priuilege.
=500  \\$aWith a dedication to Michel de Francqueville, Abbe of St. Aubert at Cambrai, from Jean Caulery on p.iii of each part book and a poetic tribute by Frere Adrien du Hecquet on p.xxxii in tenor and bassus part books.
=505  0\$a[1 part:] Pere de nous [2 part:] Pardonne nous les maulx vers toy com[m]is / Caulery -- 1 par.: Resiouys toy Vierge Marie 2 par.: Benoiste certes tu es / Caulery -- Filz de Dieu qui es tout puissant / Caulery -- Or laisses creator En paix ton cerviter / Caulery -- Mon Dieu vueille ma voix ouyr / Caulery -- Las voules vous que la personne chante / Caulery -- Jay co[n]tente ma volunte sufficament / Caulery -- [1 part:] Jusques a quand as estably Seigneur. 2 par.: Regarde moy mon Dieu pussiant. 3 par.: En toy gist tout lespoir de moy / Caulery -- Helas mon Dieu tu cognois bien / Caulery -- Si jay eu du mal ou du bien / Caulery -- Suzanne ung jour damour solicitee / Bachij -- Sus louez Dieu mon ame en toute chose / Vuaelrant -- Helas mo[n] Dieu qua[n]t viendra lheure / A. Galli -- Donne secours Seigneur il en est heure / Vuaelrant -- Sur tous regretz quau mo[n]de puis avoir / Clemens non papa -- Si Dieu vouloit q[ue] je fusse arondelle / Maillart -- Medecin ne fauldroit avoir pour moy donner / Cricquillon -- Conge je prens de vous mamye / Clemens non papa -- Enfans qui le Seigneur servez / Vuaelrant -- Si variable oncque fut demoiselle / Cricquillon -- Mon Dieu jay en toy esperance / Vuaelrant -- Robin Robin si tu vas a la veille -- Ung jour au bois soubz la ramee -- Venes venes mon beau & doulx amy / Braquetz -- Vous estes cause rigoureuse dame / Tubal.
=510  1\$aWeaver, Robert Lee. A Descriptive Bibliographical Catalog of the Music Printed by Hubert Waelrant and Jan de Laet. Warren, MI, 1995.
=510  1\$aWeaver, Robert Lee. Walrant and Laet: music publishers in Antwerp's golden age. Warren, MI, 1995.
=510  4\$aRISM B/I,$c1556 ¹⁸
=546  \\$aFrench words.
=650  \0$aPolyphonic chansons$y16th century$vParts
=700  0\$aMichel,$cde Francqueville,$ededicatee.
=700  1\$aBacchius, Johannes de,$d-before 29 January 1557,$ecomposer.
=700  1\$aBracquet, Gilles,$dactive 1551-1559,$ecomposer.
=700  1\$aCaulery, Jean,$dactive 1556,$ecomposer.
=700  1\$aClemens non Papa, Jacobus,$dapproximately 1510-approximately 1555,$ecomposer.
=700  1\$aCrecquillon, Thomas,$d-1557?,$ecomposer.
=700  1\$aDu Hecquet, Adrien,$dapproximately 1510-1580,$epoet.
=700  1\$aFrancquville, Michel de$ededicatee
=700  1\$aGalli, Antonius,$d-1565,$ecomposer.
=700  1\$aLaet, Jean,$dapproximately 1525-approximately 1567,$eprinter.
=700  1\$aMaillard, Jean,$dactive 1538-1572,$ecomposer.
=700  1\$aTubal, Adrian,$dactive 1553-1556,$ecomposer.
=700  1\$aWaelrant, Hubert,$d1516 or 1517-1595,$eprinter,$ecomposer.
=752  \\$aBelgium$dAntwerp.$2lcsh/naf
=856  41$uhttp://purl.org/rism/BI/1556/18$yDigitised score
=859  \\$aXLD$bDCW
=852  4\$cDRT$jDigital Store A.431.(2.)$aBritish Library$bMUSIC
=985  \\$aEarly Music Online project
=985  \\$aRecord amended for WR# 13/070
=985  \\$aname title to add
=985  \\$aCorrected by MS generated file for WR# 1805-0738
=CAT  \\$aBATCH-DCW$b00$c20171107$lBLL01$h0205
=CAT  \\$a1805-0738$c20190111$lBLL01$h1807
=CAT  \\$a1805-0738$b00$c20190111$lBLL01$h1828
=CAT  \\$aMFISHER$b40$c20230713$lBLL01$h1023
=FIN  \\$aY$d20171107
=LKR  \\$aPAR$lBLL01$r776$b004435026$mJardin musical, contenant plusieurs belles fleurs de chansons spirituelles à quatre parties /$nJardin musical, contenant plusieurs belles fleurs de chansons spirituelles à quatre parties /
=DGM  \\$a004435026$bCatBridge variable field
=DRT  \\$aDCW
=SRC  \\$aDCW$bDCW_20171106
=OHC  \\$a1
=LAS  \\$aMFISHER$b40$c20230713$lBLL01$h1023

