=LDR  05370ccm a22007337  4500
=001  018586797
=003  Uk
=005  20230713102416.0
=007  cr\mn\024mpada
=008  930322s1557\\\\be\||z\\s\\\\\\\\\\\fre\\
=FMT  \\$a  MU
=019  d\$aec15160010
=040  \\$aUk$beng$cUk
=041  \\$afre
=042  \\$aukblsr
=082  14$a780$215
=130  0\$aJardin musical,$nlivre 3
=245  10$aJardin musical, contenant plusieurs belles fleurs de chansons a quatre parties /$cchoysies dentre les oeuvres de plusieurs auteurs excellents en l'art de musique, propices tant a la voix, comme aux instruments. Le tiers livre.
=264  \1$aEn Anvers :$bPar Hubert Waelrant & Jean Laet,$c[1557?]
=300  \\$a4 part books ;$c16 x 20 cm (oblong 4º)
=336  \\$anotated music$2rdacontent
=337  \\$acomputer$2rdamedia
=338  \\$aonline$2rdacarrier
=340  \\$m4to$2rdabf
=500  \\$aCollection of 27 four-part chansons to sacred and secular texts, with a table of contents in each part book.
=500  \\$aCopy at A.431.(3.). Digitised score at http://purl.org/rism/BI/1556/19.$5Uk
=500  \\$aCopy at A.431.(3.). Tenor (16 leaves), Contratenor (16 leaves), Bassus (16 leaves); original pagination: Tenor [i - ii], iii - viii, [ix], x - xii, [xiii], xiiii - xxxi, [xxxii], Contratenor [i - ii], iii - viii, [ix], x - xii, [xiii], xiiii - xxxi, [xxxii], Bassus [i - ii], iii - viii, [ix], x - xii, [xiii], xiiii - xxxi, [xxxii]; paper dimensions: 153 x 200 mm.$5Uk
=500  \\$aTranscribed title page from tenor part book: TENOR. / IARDIN MVSICAL CONTE- / NANT PLVSIEVRS BELLES FLEVRS DE / chansons a quatre parties, choysies dentre les oeuures de / plusiers auteurs excellens en l'art de Musicque, / propices tant a la voix, comme aux / instruments. / Le tiers liure. / EN ANVERS. / Par Hubert Vuaelrant & Iean Laet. / Auec Grace & Preuilege.
=505  0\$aPuis qu'amour ma vaincu par son oppresse / Clemens non papa -- Mon cuer est v[ost]re & si sera -- Si par trop boire lendemain / Vuaelrant -- Doulce memoire en plaisir co[n]somme -- Fini le bie[n] le mal soubdain co[m]me[n]ce (Response) -- Je fais ma poenitance / Clemens non papa -- Soyo[n]s plaisantz encores demy heure / Caulery -- Ung jour advint faulte de co[n]tena[n]ce / Moreau -- Je men allis au jardin ung matin -- Femme que prent Elle se vent / Vuaelrant -- Jay co[n]tente ma volu[n]te suffisame[n]t / A.Tubal -- Oncques amour ne fut sans gra[n]d la[n]geur / Caulery -- Vostre beaulte a tant mon cuer esprins / Caulery -- Tes jugements Dieu veritable / Vuaelrant -- Si par souffrir je puis vaincre lennuye / Clemens non papa -- Maistresse jay qui tres bien me content / Jan Molet -- Mes esperant au roy puissant -- Mi levay p[our] ung matin / Cricquillon -- Cuer langoureulx re[m]plis de grand martire / Crespel -- Laissez ce la, Ne me parles jamais / Clemens Jennequin -- O nostre Dieu & Seigneur amiable / Vuaelrant -- Elle voya[n]t l'e[n]nuy qui me tourmente / Cricquillon -- Misericorde au pauvre vicieux / Clemens non papa -- Ostez moy jeux & tous plaisantz esbatz / Cabelau -- Ung cousturier a poncette samy / Chastelaine -- Vous avez tort de luy ester co[n]traire / Cricquillon -- Ung jour passe bie[n] escoutoye / A. Tubal.
=510  1\$aWeaver, Robert Lee. A Descriptive Bibliographical Catalog of the Music Printed by Hubert Waelrant and Jan de Laet. Warren, MI, 1995.
=510  1\$aWeaver, Robert Lee. Walrant and Laet: music publishers in Antwerp's golden age. Warren, MI. 1995.
=510  4\$aRISM B/I,$c1556 ¹⁹
=546  \\$aFrench words.
=650  \0$aPolyphonic chansons$y16th century$vParts.
=700  1\$aCaulery, Jean,$dactive 1556,$ecomposer.
=700  1\$aChastelaine, Jean,$dapproximately 1490-1578,$ecomposer.
=700  1\$aClemens non Papa, Jacobus,$dapproximately 1510-approximately 1555,$ecomposer.
=700  1\$aCrecquillon, Thomas,$d-1557?,$ecomposer.
=700  1\$aCrespel, Jean,$dactive 16th century,$ecomposer.
=700  1\$aJanequin, Clément,$dapproximately 1495-approximately 1560,$ecomposer.
=700  1\$aLaet, Jean,$dapproximately 1525-approximately 1567,$eprinter.
=700  1\$aMolet, Ian,$ecomposer.
=700  1\$aMoreau, Symon,$dactive 1553-1558,$ecomposer.
=700  1\$aTubal, Adrian,$dactive 1553-1556,$ecomposer.
=700  1\$aWaelrant, Hubert,$d1516 or 1517-1595,$eprinter.
=752  \\$aBelgium$dAntwerp.$2lcsh/naf
=856  41$uhttp://purl.org/rism/BI/1556/19$yDigitised score
=859  \\$aXLD$bDCW
=852  4\$cDRT$jDigital Store A.431.(3.)$aBritish Library$bMUSIC
=985  \\$aEarly Music Online project
=985  \\$aRecord amended for WR# 13/070
=985  \\$aname title to add
=985  \\$aCorrected by MS generated file for WR# 1805-0738
=CAT  \\$aBATCH-DCW$b00$c20171107$lBLL01$h0205
=CAT  \\$a1805-0738$c20190111$lBLL01$h1807
=CAT  \\$a1805-0738$b00$c20190111$lBLL01$h1828
=CAT  \\$aMFISHER$b40$c20230713$lBLL01$h1024
=FIN  \\$aY$d20171107
=LKR  \\$aPAR$lBLL01$r776$b004435027$mJardin musical, contenant plusieurs belles fleurs de chansons a quatre parties /$nJardin musical, contenant plusieurs belles fleurs de chansons a quatre parties /
=DGM  \\$a004435027$bCatBridge variable field
=DRT  \\$aDCW
=SRC  \\$aDCW$bDCW_20171106
=OHC  \\$a1
=LAS  \\$aMFISHER$b40$c20230713$lBLL01$h1024

