=LDR  05458 cm a22007217  4500
=001  018586798
=003  Uk
=005  20171107020517.0
=007  cr\mn\024mpada
=008  930322s1584\\\\it\||z\\s\\\\\\\\\\\ita\\
=FMT  \\$a  MU
=019  d\$aef10350142
=040  \\$aUk$beng$cUk
=041  \\$aita
=042  \\$aukblsr
=082  14$a780$215
=100  1\$aLasso, Orlando di,$d1532-1594.
=240  10$aMadrigals,$mvoices (4),$nbook 1
=245  13$aIl primo libro de madrigali a quatro voci. /$cDi Orlando di Lassus. Novamente con ogni diligentia ristampati.
=264  \1$aIn Venetia :$bAppresso Giacomo Vincenci & Ricciardo Amadino Compagni,$c1584.
=300  \\$a4 part books ;$c18 x 23 cm (oblong 4º)
=336  \\$anotated music$2rdacontent
=337  \\$acomputer$2rdamedia
=338  \\$aonline$2rdacarrier
=340  \\$m4to$2rdabf
=500  \\$aAll four-part works except for some stanzas of 'Sovra una verde riva', which are in three parts.
=500  \\$aCollection of madrigals and canzoni in four parts (SATB).
=500  \\$aCopy at A.338.e. Canto (16 leaves) Alto (16 leaves) Tenore (16 leaves) Basso (16 leaves); original foliation: Canto: [i], 1-13, 13, 15-30, [31] Alto: [i], 1-30, [31] Tenore: [i], 1-30, [31] Basso: [i], 1-13, 13, 15-30, [31]; paper dimensions: 152 x 205 mm.$5Uk
=500  \\$aCopy at A.338.e. Digitised score at http://purl.org/rism/BI/1584/8.$5Uk
=500  \\$aSame contents as RISM B/I 1560/17, 1562/17, 1562/18, 1565/14, 1569/27, 1569/28, 1576/6, 1581/8, and 1582/10.
=500  \\$aTranscribed title page from canto part book: DI ORLANDO DI LASSVS / IL PRIMO LIBRO DE MADRIGALI A QVATRO VOCI / Nouamente con ogni diligentia ristampati. / IN VENETIA / 1584.
=500  \\$aTranscription of colophon: In Venetia Appresso Giacomo Vincenci, & Ricciardo Amadino compagni, / M D LXXXIIII.
=500  \\$aWith table of contents in alphabetical order, separating madrigals and canzoni.
=505  0\$aCanzon. Prima stanza. Sovra una verde riva (seconda stanza: Apri l'uscio per tempo) (terza stanza, a3: Valli vicini e rupi) (quarta stanza: Nascan herbett'et fiori) (quinta stanza, a3: In questo dì giocondo) (sesta stanza: Mentre per questi monti) (ultima stanza: Per cortesia canzon) / D'incerto -- Canzon. Prima parte. Giovane donna (seconda stanza: All'hor saranno i miei pensier) (terza stanza: Ma perche vola il tempo) (quarta stanza: Non fur giamai veduti) (quinta stanza: Itemo di cangiar) (sesta, & ult. stanza: Dentro pur foco) / Francesco Rosselli -- Se ben l'empia mia sorte / Orlando di Lassus -- Del mio navigar / Costanzo porta.
=505  0\$aPer pianto la mia carne si distilla / Orlando di Lassus -- Vivo sol di speranza rimembrando / Orlando di Lassus -- Giovane donna i vaghi'e dolc'accenti -- Queste non son piu lagrime / Orlando di Lassus -- Canzon d'Orlando. Del freddo Rheno alla sinistra riva (seconda stanza: Ch'il credera perche lo dica'il sole; terza stanza: Rottava et e pur ver di puro foco; quarta stanza: Si fe cristallo il fium'e'n tale stato; quinta stanza: Et io qual fui restai senza la voce; sesta & ultima stanza: Hor su la nuda terr'hora su l'herbe) / Orlando -- Appariran per me le stell'in cielo / Orlandi di Lassus -- Non vi vieto per questo ch'avrei torto / Orlando di Lassus -- Donna s'amor e'in voi summo desio / Giovanni Lochemburgo -- Quanto'il mio duol senza conforto sia / Orlando di Lassus -- Quel si grave dolore ch'io senti nell'accerba mia partita / Giovanni Lochemburgo -- Se vi fur' & vi son' & saran sempre (risposta: S'in voi puo dirsi'haver posto cortesi) / Giovanni Lochemburgo -- Donna gentil l'alma bellezza vostra / Giovanni Lochemburgo -- Quando da voi madonna son lontano / Giovan Dominico de Nola -- Perch'io veggio e mi spiace / Orlando di Lassus -- Vatene lieta homai coppia d'amici / Orlando di Lassus --
=510  1\$aE. Vogel: Bibliothek der gedruckten weltlichen Vocalmusik Italiens, aus den Jahren 1500 bis 1700 (Berlin, 1892/R), vol. 1, 44 (for a description of RISM B/I 1573/18).
=510  4\$aRISM B/I,$c1584 ⁸
=546  \\$aItalian words.
=650  \0$aMadrigals, Italian.
=700  1\$aAmadino, Ricciardo,$dactive 1572-1621,$eprinter.
=700  1\$aBorghese, Marco Antonio,$cprincipe,$d(1814-1886),$eformer owner.
=700  1\$aLockenburg, Johannes,$d-1591 or 1592,$ecomposer.
=700  1\$aNola, Gian Domenico del Giovane da,$d-1592,$ecomposer.
=700  1\$aPorta, Costanzo,$d1528 or 1529-1601,$ecomposer.
=700  1\$aRoussel, François,$dapproximately 1510-$ecomposer.
=700  1\$aVincenti, Giacomo,$d-1619,$eprinter.
=752  \\$aItaly$bVenice.$2lcsh/nah
=856  41$uhttp://purl.org/rism/BI/1584/8$yDigitised score
=859  \\$aXLD$bDCW
=852  4\$cDRT$jDigital Store A.338.e.$aBritish Library$bMUSIC
=985  \\$aRecord amended for WR# 13/070
=985  \\$aname title to add
=985  \\$aCorrected by MS generated file for WR# 1805-0738
=CAT  \\$aBATCH-DCW$b00$c20171107$lBLL01$h0205
=CAT  \\$a1805-0738$c20190111$lBLL01$h1807
=CAT  \\$a1805-0738$b00$c20190111$lBLL01$h1828
=FIN  \\$aY$d20171107
=LKR  \\$aPAR$lBLL01$r776$b004468725$mIl primo libro de madrigali a quatro voci. /$nIl primo libro de madrigali a quatro voci. /
=DGM  \\$a004468725$bCatBridge variable field
=DRT  \\$aDCW
=SRC  \\$aDCW$bDCW_20171106
=OHC  \\$a1
=LAS  \\$a1805-0738$b00$c20190111$lBLL01$h1828

