=LDR  03864 cm a2200685 a 4500
=001  018586799
=003  Uk
=005  20171107020517.0
=007  cr\mn\024mpada
=008  930323s1563\\\\it\msz\\s\\\\\\\\\\\lat\\
=FMT  \\$a  MU
=019  d\$afa13170001
=040  \\$aUk$beng$cUk
=042  \\$aukblsr
=082  14$a780$215
=130  0\$aMissarum harmonia diapente.
=245  10$aQuinque missarum harmonia cum quinque vocibus :$bquarum nomina subsequuntur /$cMoralis Hispani ; Joannis Luppi. Recens in lucem aedita, ac denuo omni diligentia recognita.
=264  \1$aVenetijs :$bApud Hieronymum Scotum,$c1563.
=300  \\$a5 part books ;$c17 x 23 cm (oblong 4º)
=336  \\$anotated music$2rdacontent
=337  \\$acomputer$2rdamedia
=338  \\$aonline$2rdacarrier
=340  \\$m4to$2rdabf
=500  \\$aCollection of masses in five parts (SATBQ).
=500  \\$aCopy at A.296.b. Altus (20 leaves); original pagination: [i], 1-39; paper dimensions: 162 x 223 mm.$5Uk
=500  \\$aCopy at A.296.b. Digitised score at http://purl.org/rism/BI/1565/1.$5Uk
=500  \\$aFinal digit in date of publication on title page of Altus part book, the only known part book extant, is unclear; RISM has 1565.
=500  \\$aReprint of RISM B/I, 1543 ¹.
=500  \\$aThe 2 masses attributed to "Joannis Luppi" on the title page and contents page of this publication are attributed to Lupus Hellinck in Grove; p. 32 of Altus part book says "Lupus".
=500  \\$aTranscribed title page from Altus part book: QVINQVE MISSARVM / HARMONIA CVM QVINQVE VOCIBUS / QVARVM NOMINA SUBSEQVVNTVR. / MORALIS HISPANI. IOANNIS LVPPI. / Lomme Arme. Surrexit Pastor bonus. / Queramus cum pastoribus. Veni Sponsa Christi. / De beata virgine. / Recens in lucem aedita, ac denuo omni diligentia recognita. / Venetijs Apud Hieronymum Scotum. 1563.
=500  \\$aWith table of contents.
=505  0\$aMissa super Lomme Arme / Morales -- Missa Queramus cum pastoribus / Morales -- Missa De beata virgine / Morales -- Missa Surrexit Pastor bonus / Joannis Luppi -- Missa Veni Sponsa Christi / Joannis Luppi.
=510  4\$aJ. Bernstein: Music Printing in Renaissance Venice: The Scotto Press, 1539-72 (New York, 1998),$cno. 233
=510  4\$aRISM B/I,$c1565 ¹
=546  \\$aLatin words.
=650  \0$aMasses$vParts.
=700  1\$aScotto, Girolamo,$eprinter.
=700  12$aHellinck, Lupus,$d-1541.$tMissa Surrexit pastor bonus.
=700  12$aHellinck, Lupus,$d-1541.$tMissa Veni sponsa Christi.
=700  12$aMorales, Cristóbal de,$dapproximately 1500-1553.$tMasses,$nbook 1.$pMissa L'homme armé.
=700  12$aMorales, Cristóbal de,$dapproximately 1500-1553.$tMasses,$nbook 1.$pMissa Quaeramus cum pastoribus.
=700  12$aMorales, Cristóbal de,$dapproximately 1500-1553.$tMasses,$nbook 2.$pMissa De Beata Virgine.
=710  2\$aScotto (Firm),$eprinter.
=752  \\$aItaly$dVenice.$2lcsh/naf
=856  41$uhttp://purl.org/rism/BI/1565/1$yDigitised score
=859  \\$aXLD$bDCW
=852  4\$cDRT$jDigital Store A.296.b.$aBritish Library$bMUSIC
=985  \\$aRecord amended for WR# 13/070
=985  \\$aResearcher attributed last 2 masses to Lupi, Johannes, d. 1539. but I have used Grove attribution to Lupus Hellinck (AP).
=985  \\$aCorrected by MS generated file for WR# 1805-0738
=CAT  \\$aBATCH-DCW$b00$c20171107$lBLL01$h0205
=CAT  \\$a1805-0738$c20190111$lBLL01$h1807
=CAT  \\$a1805-0738$b00$c20190111$lBLL01$h1828
=FIN  \\$aY$d20171107
=LKR  \\$aPAR$lBLL01$r776$b004535169$mQuinque missarum harmonia cum quinque vocibus : quarum nomina subsequuntur /$nQuinque missarum harmonia cum quinque vocibus : quarum nomina subsequuntur /
=DGM  \\$a004535169$bCatBridge variable field
=DRT  \\$aDCW
=SRC  \\$aDCW$bDCW_20171106
=OHC  \\$a1
=LAS  \\$a1805-0738$b00$c20190111$lBLL01$h1828

