=LDR  05163 cm a22006857  4500
=001  018586800
=003  Uk
=005  20171107020517.0
=007  cr\mn\024mpada
=008  930323s1556\\\\be\||z\\s\\\\\\\\\\\lat\\
=FMT  \\$a  MU
=019  d\$afa20780055
=040  \\$aUk$beng$cUk
=041  \\$alat
=042  \\$aukblsr
=082  14$a780$215
=245  00$aSacrarum cantionum (vulgo hodie moteta vocant) quinque & sex vocum :$bad veram harmoniam concentiumque ab optimis quibusque musicis, in philomusorum gratiam compositarum. Liber quintus.
=264  \1$aAntuerpiae :$bExcudebat Hubertus Waelrandus & Joannes Latius,$c[1556]
=300  \\$a5 part books (1 v) ;$c15 x 21 cm (oblong 4º)
=336  \\$anotated music$2rdacontent
=337  \\$acomputer$2rdamedia
=338  \\$aonline$2rdacarrier
=340  \\$m4to$2rdabf
=500  \\$aCollection of motets in five or six parts, with table of contents. All five part works except for the last three, which are for six voices.
=500  \\$aCopy at A.103.b. Digitised score at http://purl.org/rism/BI/1556/7.$5Uk
=500  \\$aCopy at A.103.b. SVPERIVS (16 leaves), TENOR (16 leaves), CONTRATENOR (16 leaves), BASSVS (16 leaves), QVINTA ET SEXTA PARS (20 leaves); original pagination: Superius: [1-2] iii [4] v [6] vii-viij [9] x [11] xij [13] xiiij [15] xvi [17] xviij [19] xx [21-23] xiiij [25] xxvj [27] xxviij [29-32] Tenor, Contratenor, Bassus: [1-2] iii [4] v [6] vii-viij [9] x [11] xij [13] xiiij [15] xvi [17] xviij [19] xx [21-23] xxiiij [25] xxvj [27] xxviij [29-32] Quinta and sexta pars: [1-2] iii [4] v [6] vii-viij [9] x [11] xij [13] xiiij [15] xvi [17] xviij [19] xx [21-23] xxiiij [25-27] xxvj [29-31] xxviij [33-40]; paper dimensions: 131 x 195 mm.$5Uk
=500  \\$aTranscribed title page from superius part book: SVPERIVS / SACRARVM CANTIO- / NVM (VVLGO HODIE MOTETA VOCANT) / quinque & sex vocum,ad veram harmoniam concentiumque / ab optimis quibusque Musicis,in philomusorum / gratiam compositarum. / Liber quintus. / ANTUERPIAE, / Excudebat Hubertus VVAelrandus & / Ioannes Latuis / Cum gratia & Priuilegio.
=505  0\$aSancte Martine confessor domini (secunda pars: O magnum virum sacerdotum) / Clemens non papa -- Quem vidistis pastores dicite (secunda pars: Angelus ad pastores ait) / A. Tubal -- Afflictus sum & humiliatus sum / Vuaelrant -- Jam non dicam vos servos / Maillart -- Ecce ego mitto vos (secunda pars: Dum lucem habetis credite in lucem) / Moreau -- Quid quaeritis viventem cu[m] mortuis / Crespel -- Comedetis carnes & saturabimini panibus (secunda pars: Non Moyses dedit vobis panem) / Moreau -- Musica diligitur (secunda pars: Ergo noscetis modulamina) / Clemens non papa -- Vidit Jacob schalam (secunda pars: O quam metuendus est locus iste / Cricquillon -- Domine quis habitabit in tabernaculo tuo (secunda pars: Ad nihilem deductus est) / Gombert -- Confitebor tibi domine / Vuaelrant -- Memor esto verbi tui servo tuo -- Mulierum fortem quis inveniet (secunda pars: Reddet ei bonum & non malum) / Clemens non papa.
=510  1\$aHarry B. Lincoln, The Latin Motet: Indexes to Printed Collections, 1500-1600 (Ottawa: Institute of Medieval Music, 1993).
=510  4\$aR. Weaver: A Descriptive Bibliographical Catalog of the Music Printed by Hubert Waelrant and Jan de Laet (Warren, MI, 1995),$cNo.14.
=510  4\$aRISM B/I,$c1556 ⁷
=546  \\$aLatin words.
=650  \0$aMotets.
=700  1\$aClemens non Papa, Jacobus,$dapproximately 1510-approximately 1555,$ecomposer.
=700  1\$aCrecquillon, Thomas,$d-1557?,$ecomposer.
=700  1\$aCrespel, Jean,$dactive 16th century,$ecomposer.
=700  1\$aGombert, Nicolas,$dactive 16th century,$ecomposer.
=700  1\$aLaet, Jean,$dapproximately 1525-approximately 1567,$eprinter.
=700  1\$aMaillard, Jean,$dactive 1538-1572,$ecomposer.
=700  1\$aMoreau, Symon,$dactive 1553-1558,$ecomposer.
=700  1\$aTubal, Adrian,$dactive 1553-6,$ecomposer.
=700  1\$aWaelrant, Hubert,$d1516 or 1517-1595,$eprinter and composer.
=752  \\$aBelgium$dAntwerp.$2lcsh/naf
=856  41$uhttp://purl.org/rism/BI/1556/7$yDigitised score
=859  \\$aXLD$bDCW
=852  4\$cDRT$jDigital Store A.103.b$aBritish Library$bMUSIC
=985  \\$aEarly Music Online project
=985  \\$aRecord amended for WR# 13/070
=985  \\$aname title to add
=985  \\$aCorrected by MS generated file for WR# 1805-0738
=CAT  \\$aBATCH-DCW$b00$c20171107$lBLL01$h0205
=CAT  \\$a1805-0738$c20190111$lBLL01$h1807
=CAT  \\$a1805-0738$b00$c20190111$lBLL01$h1828
=FIN  \\$aY$d20171107
=LKR  \\$aPAR$lBLL01$r776$b004538671$mSacrarum cantionum (vulgo hodie moteta vocant) quinque & sex vocum : ad veram harmoniam concentiumque ab optimis quibusque musicis, in philomusorum gratiam compositarum. Liber quintus.$nSacrarum cantionum (vulgo hodie moteta vocant) quinque & sex vocum : ad veram harmoniam concentiumque ab optimis quibusque musicis, in philomusorum gratiam compositarum. Liber quintus.
=DGM  \\$a004538671$bCatBridge variable field
=DRT  \\$aDCW
=SRC  \\$aDCW$bDCW_20171106
=OHC  \\$a1
=LAS  \\$a1805-0738$b00$c20190111$lBLL01$h1828

