=LDR  09856 cm a22010577  4500
=001  018586801
=003  Uk
=005  20171107020517.0
=007  cr\mn\024mpada
=008  930325s1594\\\\be\||z\\s\\\\\\\\\\\ita\\
=FMT  \\$a  MU
=019  d\$afg07070073
=040  \\$aUk$beng$cUk
=041  \\$aita$gita$glat
=042  \\$aukblsr
=082  14$a780$215
=245  00$aMelodia olympica /$cdi diversi eccellentissimi musici a iiii. v. vi. et viii. voci, nuovamente raccolta da Pietro Philippi Inglese, et data in luce. Nella quale si contegono [sic] i piu eccellenti madrigali che hoggidi si cantono.
=264  \1$aIn Anversa :$bappresso Pietro Phalesio & Giovanni Bellero,$cMDXCIIII [1594]
=300  \\$a6 part books ;$c16 x 21 cm (oblong 4º)
=336  \\$anotated music$2rdacontent
=337  \\$acomputer$2rdamedia
=338  \\$aonline$2rdacarrier
=340  \\$m4to$2rdabf
=500  \\$aA collection of four-, five-, six-, and eight-part Italian madrigals.
=500  \\$aCopy at A.344.f. Canto (36 leaves), Alto (36 leaves), Tenore (36 leaves), Basso (36 leaves), Quinto (29 leaves), Sesto (16 leaves); Canto, Alto, Tenore, Basso: [1]-36 fols. Quinto: [1], 10-37 fols. [fol. 37 is an additional Basso part]. Sesto: [1], 23-37 fols. [fol. 37 is an additional Tenore part]; paper dimensions: 155 x 204 mm.$5Uk
=500  \\$aCopy at A.344.f. Digitised score at http://purl.org/rism/BI/1594/7.$5Uk
=500  \\$aInstead of the dedication the Tenore, Basso, and Sesto part books give on fol. [1v] a laudatory poem by 'I. Gheesdalius' to 'Petro Phalesio' [the poem praises Phalese's four madrigal anthologies: Musica Divina, Harmonia Celeste, Symphonia Angelica, and Melodia Olympica]. It is considered as one of the oldest surviving market strategies in music printing as the poem instructs the reader to buy all four anthologies (Hammond 2008, p. 225). The Quinto part book includes an additional Basso part for the eight-part madrigal 'Ditemi o Diva mia'; similarly, the Sesto part includes an additional Tenore part for the same madrigal.
=500  \\$aThe dedication to Giulio Balbani by Peter Philips, dated 'Primo di Decembre 1590', suggests the plate was taken from the first edition of the work in 1591.
=500  \\$aTranscribed title page from canto part book: MELODIA OLYMPICA / DI DIVERSI ECCELLEN- / TISSIMI MVSICI A IIII. V. VI. ET VIII. / VOCI, NVOVAMENTE RACCOLTA / DA PIETRO PHILIPPI INGLESE, / ET DATA IN LVCE. / Nella quale si contegono i piu Eccellenti Madrigali / che hoggidi si cantino. / CANTO. / IN ANVERSA. / Appresso Pietro Phalesio & Giouanni Bellero. / M. D. XCIIII.
=505  0\$aIl giovenil mio core s'albergo ma diletto / Felice Anerio -- Quando fra bianche perle al canto (seconda parte: Sentomi aprirsi tutto il lato) / Gio. Maria Nanino -- Vaghi boschetti di soavi Allori / Giaches de VVert -- Mille fiate o dolce mei guerrira / d'Incerto -- Infinita beltà ch'in voi risplende / And. Pevernage -- Amor che vuoi ch'io facci / Pietro Phillipi -- Sestina Prima parte. Sperar non si potea da si bella Alba Andrea Gabrieli / Seconda parte. Sparve ogni nume et ogni stella in cielo / Vincenzo Bellhaver -- Terza parte. Tra pure nevi alme purpuree rose / Claudio da Correggio -- Quarta parte. Tratto fuora del Mar Apollo il giorno / Baldissera Donati -- Quinta parte. Italia bella alta nudrice d'Arno / Oratio Vecchi -- Ultima stanza. Poi disse hor che'l tuo amor / Tiburtio Massaino -- Chiusa. Va Musa inanz'à l'Alba / Tiburtio Massaino -- La mia Candida Ninfa / Oratio Vecchi -- Potro viver io piu Se senza luce / Luca Marenzio -- La ver l'aurora che si dolce l'aura / Alessandro Striggio -- Tirsi morir volea (seconda parte: Frenò Tirs'il desio; terza parte: La bella Ninfa sua; quarta parte: Cosi moriro i fortunati amanti) / Gio. Croce -- Ancor ch'io possa dire / Alessandro Striggio -- Vorria parlare e dire / Gio. Turnhout -- Del secco incolto Lauro / Gio. Battista Moscaglia -- Vestiva i colli e le campagne (seconda parte: Cosi le chiome mie soavemente) / Hippolito Sabino -- Ne fero sdegno mai Donna mi mosse (seconda parte: Talche dovunque vò) / Luca Marenzio -- Io mi son giovinetta e volentieri / Gio. Battista Mosto -- Poi ch'el mio largo pianto / Giulio Eremita -- Arsi del vostr'amor / Giulio Eremita -- Tirsi son io quel misero Pastore / Cornelio Verdonch -- Dialogo à 8. Primo, 2o. Choro. Ditemi' o Diva mia, Si signor mio ben che sia picciol dono / Pietro Philippi.
=505  0\$aO com'e gran martire A celar suo desire / Andrea Pevernage -- A che piu strali Amor / Cornelio Verdonch -- Voi volete ch'io muoia / Pietro Philippi -- Non al suo amante piu Diana piacque / Luca Marenzio -- Morirò cor mio / Francesco Farina -- Ahi che farò ben mio / Rugiero Giovanelli -- Morì quasi il mio core / Gio. Palestina -- Donna i begl'occhi vostri mi fan guerra / Paulo Bellasio -- Si dolci son gli sguardi e si soavi / Gio. Battista Moscaglia -- Legò questo mio core / Gio. Maria Nanino -- Veramente in Amore / Gio. Palestina -- Amor sei bei rubini (seconda parte: Perche non poss'ahime) / Pietro Philippi -- Se d'altro mai non vivo / Gio. de Macque -- Amor io sent'un respirar si dolce / Guglielmo Blotagrio -- Solo e pensoso in piu deserti campi / Gio. Battista Moscaglia -- Dolci al pestre parole / Gio. Battista Mosto -- Lumi miei cari Che lampeggiat'un si veloce sguardo / d'Incerto [anon.] -- Spuntavan gia per far il mondo adorno (seconda parte: Quando'l mio vivo sol perch'io non pera) / Luca Marenzio -- Questa si bianca neve / Gio. Maria Nanino -- Clori mia pastorella / Giacomo Gastoldi -- Dolce fiammella mia / Gio. Maria Nanino -- Amor io non potrei / Guglielmo Blotagrio -- Fiammeggiavan due stelle a me d'intorno / Cornelio Verdonch -- Questo è quel chiaro fonte / Hippolito Baccusi -- Deggio dunque partire Lasso (seconda parte: Io partiro ma il core; terza parte: Ma voi caro ben mio) / Luca Marenzio -- Chi per voi non sospira / Anibal Zoilo -- Caro soave e desiato bene (seconda parte: Perche se troppo tardi tu vedrai) / Giacomo Gastoldi -- Non son le vostri mani / Gianetto Palestrina -- Poi che ne prieg'ancor / Oratio Bassani -- Ahi crudel stato mio / Fabritio Dentici -- Movi il tuo plettro Apollo / Lelio Bertani --
=510  4\$aRISM B/I,$c1594 ⁷
=510  4\$aSusan Lewis Hammond, 'Selling the madrigal: Pierre Phalèse II and the four 'Antwerp anthologies', Yearbook of the Alamire Foundation, 6 (2008),$c225-252.
=546  \\$aItalian words.
=650  \0$aMadrigals, Italian.
=700  1\$aAnerio, Felice,$dapproximately 1560-1614,$ecomposer.
=700  1\$aBaccusi, Ippolito,$dapproximately 1540-1609,$ecomposer.
=700  1\$aBalbani, Giulio,$ededicatee.
=700  1\$aBassani, Orazio,$d-1615,$ecomposer.
=700  1\$aBell'haver, Vincenzo,$d1530-1587,$ecomposer.
=700  1\$aBellasio, Paolo,$d1554-1594,$ecomposer.
=700  1\$aBeller, Jean,$d1526-1595,$eprinter.
=700  1\$aBertani, Lelio,$dapproximately 1550-approximately 1620,$ecomposer.
=700  1\$aBever, Thomas,$dactive 1690-1700,$eformer owner.$5Uk.
=700  1\$aBlotagrio, Guglielmo,$ecomposer.
=700  1\$aCroce, Giovanni,$dapproximately 1557-1609,$ecomposer.
=700  1\$aDentice, Fabrizio,$dactive 16th century,$ecomposer.
=700  1\$aDonato, Baldassare,$d-1603,$ecomposer.
=700  1\$aEremita, Giulio,$dapproximately 1550-approximately 1600,$ecomposer.
=700  1\$aFarina, Francesco,$ecomposer.
=700  1\$aGabrieli, Andrea,$dapproximately 1533-1585,$ecomposer.
=700  1\$aGastoldi, Giovanni Giacomo,$dactive 1582-1609,$ecomposer.
=700  1\$aGheesdalius, Johannes,$eauthor.
=700  1\$aGiovannelli, Ruggiero,$dapproximately 1560-1625,$ecomposer.
=700  1\$aGostling, William,$d1696-1777,$eformer owner.$5Uk
=700  1\$aMacque, Giovanni de,$dapproximately 1550-1614,$ecomposer.
=700  1\$aMarenzio, Luca,$d1553-1599,$ecomposer.
=700  1\$aMassaino, Tiburtio,$dapproximately 1550-approximately 1609,$ecomposer.
=700  1\$aMerulo, Claudio,$d1533-1604,$ecomposer.
=700  1\$aMoscaglia, Giovanni Battista,$d-1589,$ecomposer.
=700  1\$aMosto, Giovanni Battista,$d-1596,$ecomposer.
=700  1\$aNanino, Giovanni Maria,$d1543 or 1544-1607,$ecomposer.
=700  1\$aPalestrina, Giovanni Pierluigi da,$d1525?-1594,$ecomposer.
=700  1\$aPevernage, André,$d1542 or 1543-1591,$ecomposer.
=700  1\$aPhalèse, Pierre,$dapproximately 1550-1629,$eprinter.
=700  1\$aPhilips, Peter,$d1561-1628,$ecompiler and composer.
=700  1\$aSabino, Ippolito,$dapproximately 1550-1593,$ecomposer.
=700  1\$aStriggio, Alessandro,$d1536 or 1537-1592,$ecomposer.
=700  1\$aTurnhout, Jan van,$dapproximately 1545- after 1618,$ecomposer.
=700  1\$aVecchi, Orazio,$d1550-1605,$ecomposer.
=700  1\$aVerdonck, Cornelis,$d1563-1625,$ecomposer.
=700  1\$aWert, Giaches de,$d1535-1596,$ecomposer.
=700  1\$aZoilo, Annibale,$dapproximately 1537-1592,$ecomposer.
=752  \\$aBelgium$dAntwerp.$2lcsh/naf
=856  41$uhttp://purl.org/rism/BI/1594/7$yDigitised score
=859  \\$aXLD$bDCW
=852  4\$aBritish Library$bMUSIC$cDRT$jDigital Store A.344.f.
=985  \\$aEarly Music Online project
=985  \\$aRecord amended for WR# 13/070
=985  \\$aname title to add
=985  \\$aCorrected by MS generated file for WR# 1805-0738
=CAT  \\$aBATCH-DCW$b00$c20171107$lBLL01$h0205
=CAT  \\$a1805-0738$c20190111$lBLL01$h1807
=CAT  \\$a1805-0738$b00$c20190111$lBLL01$h1828
=FIN  \\$aY$d20171107
=LKR  \\$aPAR$lBLL01$r776$b004579705$mMelodia olympica /$nMelodia olympica /
=DGM  \\$a004579705$bCatBridge variable field
=DRT  \\$aDCW
=SRC  \\$aDCW$bDCW_20171106
=OHC  \\$a1
=LAS  \\$a1805-0738$b00$c20190111$lBLL01$h1828

