=LDR  07609 cm a22008657  4500
=001  018586802
=003  Uk
=005  20171107020517.0
=007  cr\mn\024mpada
=008  930325s1542\\\\gw\||z\\s\\\\\\\\\\\lat\\
=FMT  \\$a  MU
=019  d\$afh11242811
=040  \\$aUk$beng$cUk
=041  \\$alat$glat
=042  \\$aukblsr
=082  14$a780$215
=130  0\$aPsalmorum Selectorum
=245  10$aTomus tertius psalmorum selectorum quatuor & quin[que], & quidam plurium vocum.
=264  \1$aNorimbergae :$bApud Io. Petreium,$cMDXLII [1542]
=300  \\$a4 part books ;$c14 x 19 cm (oblong 4º)
=336  \\$anotated music$2rdacontent
=337  \\$acomputer$2rdamedia
=338  \\$aonline$2rdacarrier
=340  \\$m4to$2rdabf
=500  \\$a'Lauda Hierusalem' and 'Usquequo D[omi]ne' require secundus cantus, 'Beati omnes' requires secundus bassus, 'Domine labia mea' requires secundus altus, and 'Salvum me fac', 'Beati omnes', 'In te domine', 'Laudate dominum', 'Domine exaudi', 'Beati omnes' and 'Beatus vir' require tenor secundus. The last five-part motet in the tenor book, 'Beatus vir', does not specify 'tenor secundus' but only 'Quinta vox'.
=500  \\$a29 of the motets are in four parts (DATB), and 11 are in five parts (7x DATTB), (1x DATBB), (1x DAATB), (2x DDATB). Secundus parts for each respective voice is held in its own book (i.e. Tenor secundus is in tenor book).
=500  \\$a40 Latin motets: one by Josquin des Prez, two by Layolle, two by Senfl, three by Lemlin, one by Ducis, one by Arthopius, one by Unterholtzer, one by Johann Walther, two by Claudin, one by Pieton, three by Gombert, five by Jachet, two by Lerithier, one by Lupus, one by Champion, three by Paminger, one by Heugel, one by Gosse, and eight with composer unknown.
=500  \\$aCopy at A.620.l. Digitised score at http://purl.org/rism/BI/1542/6.$5Uk
=500  \\$aCopy at A.620.l. Discantus (62 leaves), Altus (59 leaves), Tenor (68 leaves), Bassus (57 leaves); paper dimensions: 135 x 185 mm.$5Uk
=500  \\$aTranscribed title page from tenor part book: TOMVS TERTIVS / PSALMORVM SELECTORVM QVA= / tuor & Quin[que], & quidam plurium uocum. / TENOR / Norimbergae apud Io. Petreium, anno / Salutis M.D. XLII. / Cum priuilegio Caesarae ate[que] Regiae / Maiestatis ad Quinquennium.
=500  \\$aWith table of contents. Preface written by Georg Forster, dated 10 March 1542.
=505  0\$aBeati omnes qui time[n]t D[omi]n[u]m (secunda pars: Ecce sic benedicetur homo) / Gombert -- In te D[omi]ne speravi (secunda pars: Quoniam fortitudo mea) / Jachet -- Laudate D[omi]n[u]m o[mn]es gentes / Jachet -- Domine exaudi orationem meam (secunda pars: Aspice in me) / Jachet -- Beati omnes qui time[n]t / Nicol. Champion -- Domine quid multiplicati sunt qui tribulant me (secunda pars: Voce mea ad d[omi]n[u]m clamavi) / Leon. Paminger -- Usquequo D[omi]ne oblivisceris (secunda pars: Illumina oculos meos) -- Domine labia mea aperies -- Ne reminiscaris Domine delicta mea / Ludovic[us] Senffl -- Dixit D[omi]n[u]s Domino meo (secunda pars: Juravit D[omi]n[u]s & non poenitebit eum) / Leon. Paminger -- In convertendo D[omi]n[u]s (secunda pars: Convertere Domine captivita) / Leon. Paminger -- Lauda Hierusalem Dominu[m] (secunda pars: Mittit cristallu[m] suum) / Heugel -- Beatus vir qui intelligit (secunda pars: Verbum iniquum constituerunt) / Gosse -- Deo gratia.
=505  0\$aQuoniam ipse liberavit / Josquin -- In co[n]verte[n]do D[omi]n[u]s captivitate Syon (secunda pars: Converte D[omi]ne) -- Miserere mei Deus (secunda pars: Cor mu[n]du[m] crea in me De[us]) / F. de Layolle -- In D[omi]no co[n]fido (secunda pars: Domin[us] in te[m]plo sancto suo) / Lud. Senfl -- Nisi Dominus aedificaverit (secunda pars: Ecce haereditas Domini) / Laurentius Lemlin -- Judica Domine nocentes me -- De [pro]fundis clamavi (secunda pars: A Custodia matuti) / Benedictus Ducis -- Nisi Domin[us] aedificaverit (secunda pars: Cum dederit dilectis suis) -- Nisi D[omi]n[u]s (secunda pars: Cum dederit dilectis suis) / Balthasar Arthopius - In converte[n]do D[omi]n[u]s captivitatem Sion (secunda pars: Converte D[omi]ne captivitatem nostra) / Laur. Lemlin -- Deus in adiutorium (secunda pars: Exultent & laetentur) / Laurentius Lemlin -- Domine quid multiplicati (secunda pars: Ego dormi vi) -- Laudate pueri D[omi]n[u]m / Rup. Unterholtzer -- Laudate D[omi]n[u]m / Ioannes Vualterus -- Miserere mei D[omi]ne (secunda pars: Miserere mei Deus) Claudin -- Benedicat te Dominus (secunda pars: Benedicite Deum) / Lerithier -- Ad te Domine levavi (secunda pars: Reminiscere miserationum tuarum Domine) / Claudin -- In te Domine speravi (secunda pars: Quoniam fortitudo mea) / Lerithier -- Beati o[mn]es q[ui] time[n]t D[omi]n[u]m (secunda pars: Ecce sic benedicetur homo) / Loyset Pieton -- Salvum me fac D[omi]ne (secunda pars: Propter miseriam in opum) / Nicolaus Gombert -- Super flumina Babilonis (secunda pars: Si oblitus fuero) / Nicolaus Gombert - Domine ne in furore (secunda pars: Laboravi in gemitu meo) / F. de Layolle -- Cantate Domino canticu[m] novu[m] (secunda pars: Cantate ei, & psallite) / Jachet -- Ecce nunc benedicite Domino -- Qui confidunt in D[omi]no (secunda pars: Quia non relinquet D[omi]n[u]s) / Lupus -- Salvu[m] me fac D[omi]ne (secunda pars: Veni in altitudinem maris) / Jachet --
=510  4\$aRISM B/I,$c1542 ⁶
=546  \\$aLatin words.
=650  \0$aMotets
=700  0\$aJacquet,$cof Mantua,$d1483-1559,$ecomposer.
=700  0\$aJosquin,$cdes Prez,$d-1521,$ecomposer.
=700  1\$aArthopius, Balthasar,$ecomposer.
=700  1\$aChampion, Nicolas,$dapproximately 1480-1533,$ecomposer.
=700  1\$aDucis, Benedictus,$dapproximately 1490-1544,$ecomposer.
=700  1\$aForster, Georg,$dapproximately 1510-1568,$eauthor of introduction, etc.
=700  1\$aGantzhorn, Guilielmo,$ededicatee.
=700  1\$aGombert, Nicolas,$dactive 16th century,$ecomposer.
=700  1\$aGosse,$cMaistre,$dactive 1520-1565,$ecomposer.
=700  1\$aHeugel, Johannes,$dapproximately 1500-1585,$ecomposer.
=700  1\$aLayolle, Francesco de,$d1492-approximately 1540,$ecomposer.
=700  1\$aLemlin, Lorenz,$dapproximately 1495-$ecomposer.
=700  1\$aLerithier,$ecomposer.
=700  1\$aLupus,$ecomposer.
=700  1\$aPaminger, Leonhard,$d1495-1567,$ecomposer.
=700  1\$aPetrejus, Johannes,$d1497-1550,$eprinter.
=700  1\$aPiéton, Loyset,$ecomposer,.
=700  1\$aSenfl, Ludwig,$dapproximately 1486-1542 or 1543,$ecomposer.
=700  1\$aSermisy, Claudin de,$dapproximately 1490-1562,$ecomposer.
=700  1\$aUnterholtzer, Rupert,$ecomposer.
=700  1\$aWalter, Johann,$d1496-1570,$ecomposer.
=752  \\$aGermany$dNuremberg.$2lcsh/naf
=856  41$uhttp://purl.org/rism/BI/1542/6$yDigitised score
=859  \\$aXLD$bDCW
=852  4\$cDRT$jDigital Store A.620.l$aBritish Library$bMUSIC
=985  \\$aEarly Music Online project
=985  \\$aRecord amended for WR# 13/070
=985  \\$aname title to add
=985  \\$aCorrected by MS generated file for WR# 1805-0738
=CAT  \\$aBATCH-DCW$b00$c20171107$lBLL01$h0205
=CAT  \\$a1805-0738$c20190111$lBLL01$h1807
=CAT  \\$a1805-0738$b00$c20190111$lBLL01$h1828
=FIN  \\$aY$d20171107
=LKR  \\$aPAR$lBLL01$r776$b004593295$mTomus tertius psalmorum selectorum quatuor & quin[que], & quidam plurium vocum.$nTomus tertius psalmorum selectorum quatuor & quin[que], & quidam plurium vocum.
=DGM  \\$a004593295$bCatBridge variable field
=DRT  \\$aDCW
=SRC  \\$aDCW$bDCW_20171106
=OHC  \\$a1
=LAS  \\$a1805-0738$b00$c20190111$lBLL01$h1828

