=LDR  05951 cm a22006737  4500
=001  018586803
=003  Uk
=005  20171107020517.0
=007  cr\mn\024mpada
=008  930401s1565\\\\it\||z\\s\\\\\\\\\\\ita\\
=FMT  \\$a  MU
=019  d\$agk06310011
=040  \\$aUk$beng$cUk
=041  \\$aita
=042  \\$aukblsr
=082  14$a780$215
=100  1\$aVerdelot, Philippe,$d-approximately 1565.
=240  10$aMadrigals,$mvoices (4)
=245  10$aTutti li madrigali del primo et del secondo libro a quatro voci. /$cDi Verdelot. Novamente ristampati.
=264  \1$aIn Venetia :$bAppresso di Antonio Gardano,$c1565.
=300  \\$a4 part books ;$c1 x 20 cm (oblong 4º)
=336  \\$anotated music$2rdacontent
=337  \\$acomputer$2rdamedia
=338  \\$aonline$2rdacarrier
=340  \\$m4to$2rdabf
=500  \\$aCollection of Italian madrigals in four parts (CATB).
=500  \\$aCopy at A.443.d. Canto (24 leaves) Alto (24 leaves) Tenore (24 leaves) Basso (24 leaves); original foliation: Canto: [i], 1-46, [47] Alto: [i], 1-46, [47] Tenore: [i], 1-46, [47] Basso: [i], 1-46, [47]; paper dimensions: 149 x 200 mm.$5Uk
=500  \\$aCopy at A.443.d. Digitised score at http://purl.org/rism/BI/1565/20.$5Uk
=500  \\$aTranscribed title page from canto part book: DI VERDELOT / TVTTI LI MADRIGALI DEL PRIMO / Et del Secondo libro A Quatro uoci Nouamente Ristampati. / A QVATRO VOCI / In Venetia Appresso di / Antonio Gardano. / 1565.
=500  \\$aWith table of contents at the end.
=505  0\$aPer alti monti & per selv'aspre / Verdelot -- Quella che sospirand'ogn'hor desio / Verdelot -- Se dimostrarvi a pieno / Verdelot -- Fedel' & bel cagnuolo che tanto spesso scherzi / Verdelot -- Amor mi fa morire Et pur il vo seguire / Adriano -- Passer mai solitario in alcun tetto / Verdelot -- O singular dolcezza Del sangue bolognese / Verdelot -- Grat'e benigna donna Ch'in premi'al mio servir / Adriano -- Quando giunse per gliocch'al cor madonna -- Duro'e'l partito dove m'astringete / Constantio Festa -- Leggiadre rime & voi parol' accorte -- Vita della mia vita Quanto gran tort'havete / Verdelot -- Oime'l bel viso oime'l soave sguardo / Leonardus Barre -- Donna leggiadr'e bella Che con le vostre luci / Verdelot -- Io son tal volta donna per morire / Verdelot -- Non puo far mort'il dolce viso'amaro / Verdelot -- Quanto sia liet'il giorno / Verdelot -- Madonna'l tuo bel viso / Verdelot -- O passi sparsi o pensier vaghi'e pronti / Sebastian Festa.
=505  0\$aSi liet'e grata morte / Verdelot -- Madonna qual certezza Haver si puo maggior / Verdelot -- Ogn'hor per voi sospiro donna / Verdelot -- Non vi fidate' o semplicetti' amanti / Verdelot -- Madonna per voi ardo / Verdelot -- Se del mio'amor temete / Tudval -- Madonn'io sol vorrei -- D'Amore le generose & alt'imprese / Constantio Festa -- Trist'Amarilli mia dunqu'e pur vero -- Amanti il servuir vostro La longa fede / Constantio Festa -- Deh perche si veloce / Verdelot -- Benche'l misero cor lasso tal'hora -- Quando madonn'amor lasso / Verdelot -- Gloriar mi poss'io donne / Verdelot -- Se mai provasti donna qual si'amore / Verdelot -- La bella man mi porse madonna / Verdelot -- S'io pensasse madonna che mia morte / Verdelot -- Lasso che se creduto Havesse'a qualch'amante -- Vostre dolci parole E la belta ch'e in voi con gratia / Jachet -- Donna che sete tra le belle bella / Verdelot -- Se l'ardor foss'equale / Verdelot -- Igno soave ove'l mio foco'allento / Verdelot -- Se voi porgesti una sol fiata / Verdelot -- La bella donna a cui donast'il core / Verdelot -- Gran dolor di mia vita / Verdelot -- Afflitti spirti miei Non sperate giamai / Verdelot -- Divini occhi sereni Occhi sempre di gratia / Verdelot -- Quand'amor i begliocchi'a terra'inchina / Verdelot -- Con l'angelico riso A me negasti'i dolci baci santi / Verdelot -- Piove da gliocchi della donna mia / Verdelot -- Ne per gratia giamai ne per orgoglio / Verdelot -- Amor tante virtut'et gentilezze / Verdelot -- Lieta'e madonna' & io pur come soglio / Verdelot -- Fuggi fuggi cor mio L'ingrat'e crud'amore / Verdelot -- Con lagrim'e sospir negando / Verdelot -- Cosi vincete'in terra Di beltad'ogni donn'ornata'e bella / Adriano -- I vostri acuti dardi Mi fan haime madonna si languire / Verdelot -- Con soave parlar con dolce'accento / Verdelot --
=510  4\$aMary S. Lewis, Antonio Gardano, Venetian music printer, 1538-1569: A descriptive bibliography and historical study, vol. 2 (New York: Garland, 1977).
=510  4\$aRISM B/I,$c1565 ²⁰
=546  \\$aItalian words.
=650  \0$aMadrigals, Italian.
=700  0\$aJacquet,$cof Mantua,$d1483-1559,$ecomposer.
=700  1\$aBarré, Leonardo,$dactive 1537-approximately 1555,$ecomposer.
=700  1\$aFesta, Costanzo,$d-1545,$ecomposer.
=700  1\$aGardane, Antonio,$d1509-1569,$eprinter.
=700  1\$aMenon, Tuttovale,$dactive 1538-1552,$ecomposer.
=700  1\$aWillaert, Adrian,$d1490?-1562,$ecomposer.
=752  \\$aItaly$bVenice.$2lcsh/naf
=856  41$uhttp://purl.org/rism/BI/1565/20$yDigitised score
=859  \\$aXLD$bDCW
=852  4\$cDRT$jDigital Store A.443.d.$aBritish Library$bMUSIC
=985  \\$aRecord amended for WR# 13/070
=985  \\$aname title to add
=985  \\$aCorrected by MS generated file for WR# 1805-0738
=CAT  \\$aBATCH-DCW$b00$c20171107$lBLL01$h0205
=CAT  \\$a1805-0738$c20190111$lBLL01$h1807
=CAT  \\$a1805-0738$b00$c20190111$lBLL01$h1828
=FIN  \\$aY$d20171107
=LKR  \\$aPAR$lBLL01$r776$b004715716$mTutti li madrigali del primo et del secondo libro a quatro voci. /$nTutti li madrigali del primo et del secondo libro a quatro voci. /
=DGM  \\$a004715716$bCatBridge variable field
=DRT  \\$aDCW
=SRC  \\$aDCW$bDCW_20171106
=OHC  \\$a1
=LAS  \\$a1805-0738$b00$c20190111$lBLL01$h1828

