=LDR  08753 cm a22009977  4500
=001  018586804
=003  Uk
=005  20171107020517.0
=007  cr\mn\024mpada
=008  930401s1594\\\\be\||z\\s\\\\\\\\\\\ita\\
=FMT  \\$a  MU
=019  d\$agm00250009
=040  \\$aUk$beng$cUk
=041  \\$aita$gita
=042  \\$aukblsr
=082  14$a780$215
=245  00$aSymphonia angelica /$cdi diversi excellentissimi musici a iiii. v. et vi. voci, nuovamente raccolta per Huberto Waelrant, et data in luce. Nella quale si contegono i piu eccellenti madrigali che hoggidi si cantino.
=264  \1$aIn Anversa :$bappresso Pietro Phalesio & Giovanni Bellero,$cMDXCIIII [1594]
=300  \\$a6 part books ;$c17 x 22 cm (oblong 4º)
=336  \\$anotated music$2rdacontent
=337  \\$acomputer$2rdamedia
=338  \\$aonline$2rdacarrier
=340  \\$m4to$2rdabf
=500  \\$aA collection of four-, five-, and six-part Italian madrigals.
=500  \\$aCopy at A.559.a. Canto (36 leaves), Alto (36 leaves), Tenore (36 leaves), Basso (36 leaves), Quinto (28 leaves), Sesto (16 leaves); Canto, Alto, Tenore, Basso: [1]-36 fols. Quinto: [1], 10-36 fols. Sesto: [1], [22]-36 fols.; paper dimensions: 163 x 216 mm. Quinto, fol. 19, erroneously numbered 15.$5Uk
=500  \\$aCopy at A.559.a. Digitised score at http://purl.org/rism/BI/1594/8.$5Uk
=500  \\$aTranscribed title page from canto part book: SYMPHONIA ANGELICA / DI DIVERSI ECCELLEN- / TISSIMI MVSICI A IIII. V. ET VI. VOCI, / NVOVAMENTE RACCOLTA PER / HVBERTO VVAELRANT, / ET DATA IN LVCE. / Nella quale si contegono i piu Eccellenti Madrigali / che hoggidi si cantino. / CANTO. / IN ANVERSA. / Appresso Pietro Phalesio & Giouanni Bellero. / M. D. XCIIII.
=500  \\$aWith a dedication by Hubert Waelrant to Cornelis Pruenen in Italian.
=500  \\$aWith table of contents at the back.
=505  0\$aNova leggiadra stella / Dominico Lauro -- Laura celeste che si dolcemente (seconda parte: Et io che sempre desioso e'intento) / Giovan Nasco -- Tu mi ponest'innanz'a gl'occh'amore / Paulo Animuccia -- Non sia chi pensi di poter fuggire / R. M. Antonio Dueto -- Donna bella e gentile / Cornelio Verdonch -- Chi salira per me madonn'in cielo / Giaches de VVert -- Chi vuol veder tutta raccolt'insieme (seconda parte: Vedra i biondi capei) / Marc'Antonio Ingegneri -- Vieni soave & dilettoso Maggio / Bartolomeo Spontone -- Nel mezzo del giardin vera un pratello / R. M. Antonio Dueto -- Dissi à l'amata mia lucida stella / Luca Marenzio -- Vorria morire per uscir di guai / Hubetto Vvaelrant -- Non vegg'ohime quei leggiadretti lumi / Gio. de Macque -- Prima che spunt'il sol i vaghi rai / Vincentio Ruffo -- Ben mille nott'ho gia passato in pianto / Vincentio Ruffo -- Mentre ti fui si grato / Gio. M. Nanino -- Seconda parte. Mentre ti fui si cara / Gio. Battista Moscaglia -- Terza parte. Hor pien d'altro desio / Luca Marenzio -- Quarta parte. Hor un laccio un'ardore / Gio. de Macque -- Madonna mia gentil ringratio Amore / Luca Marenzio -- Tirrhena mia Le matutine rose / Rinaldo del Mel -- Occhi vaghi amorosi ove risplende (seconda parte: Occhi leggiadri ond'io mi sento ogn'hora) / Filippo de Monte -- Duo begli occhi lucenti anzi due stelle / Gio. Pizzoni -- Un novo cacciator segn'una fiera / Gio. Giacomo Gastoldi -- Tra le chiome de l'or / Horatio Angelini -- Io canterò di quell'almo splendore (seconda parte: Ben poss'Amor Natura ogni suo ingegno) / Giro. Conversi -- Basciami vita mia / Gio. Ferretti -- Ch'ami la vita mia nel tuo bel nome / Lelio Bertani -- Tra mille fiamme & trà mille cathene / Oratio Vecchi -- Questa sera gentil che scherza e fugge / Horatio Angelini -- Amor poi che non vuole (seconda parte: Chi strinse mai piu bella mano) / Luca Marenzio --
=505  0\$aRose bianche e vermiglie / Luca Marenzio -- Leggiadra Giovinetta'anima mia / Gio. Ferretti -- Far potess'io vendetta di colei / Gio. Ferretti -- Lasso ch'ogni augelletto / Gio. Maria Nanino -- Torna amato mio bene / Pomponia Nenna -- Al molto Mag. & Honorato Signore il Sig. Cornelio de Prevenen. Tra romor di tamburi / Huberto VVaelrant -- Mirate che m'ha fatto / Gio. Ferretti -- Tirsi in ira di Filli il duol lo guida (seconda parte: Et secca o gran pieta quasi ogni vene) / Hippolito Sabino -- Occhi non occhi ma lucenti stelle / Gio. Ferretti -- Gioia al mondo non e si intiera e salda (seconda parte: Cosi cangia costei co'l vivo sguardo) / Michele Comis -- Vorria morire per uscir di guai [six-part version] / Huberto VVaelrant -- Mi voglio fare hor mai lo fatto mio / Huberto VVaelrant -- Quanto debb'allegrarse la natura / Huberto VVaelrant -- Vorria saper da voi occhi mortali / Gio. de Macque -- Gia primavera di vari colori / Gio. Battista Lucatello -- Un Ape esser vorrei / Cornelio Verdonch -- Io son bell'e delicata / Hippolito Baccusi -- Un pastor chies'ad una ninfa amore / Gio. Ferretti -- Dolc'amorose e leggiadrette ninfe / Gio. Ferretti -- Pascomi sol di pianto e vivo in pene / Gio. Ferretti -- Il sol si part'ohime / Hippolito Baccusi -- Felice in braccio a la mia Dea godea / Hippolito Baccusi -- Bacciami vita mia / Gio. de Macque -- Sonno diletto: Ch'a la mia Donna in sen mi guidi / Andrea Gabrieli -- Cinto m'havea tra belle e nude braccia / Andrea Gabrieli -- Come voi tu ch'io viva / Andrea Gabrieli -- Gloria Damon dicea / Andrea Gabrieli -- Un tempo sospirava / Gio. Ferretti -- Quando mirai ssa bella faccia d'oro / Gio. Ferretti.
=510  4\$aRISM B/I,$c1594 ⁸
=510  4\$aSusan Lewis Hammond, 'Selling the madrigal: Pierre Phalèse II and the four 'Antwerp anthologies', Yearbook of the Alamire Foundation, 6 (2008),$c225-252.
=546  \\$aItalian words.
=650  \0$aMadrigals, Italian.
=700  1\$aAngelini, Horatio,$ecomposer.
=700  1\$aAnimuccia, Paolo,$dapproximately 1500-1569,$ecomposer.
=700  1\$aBaccusi, Ippolito,$dapproximately 1540-1609,$ecomposer.
=700  1\$aBeller, Jean,$d1526-1595,$ecomposer.
=700  1\$aBertani, Lelio,$dapproximately 1550-approximately 1620,$ecomposer.
=700  1\$aComis, Michele,$ecomposer.
=700  1\$aConversi, Girolamo,$dactive 1571-1575,$ecomposer.
=700  1\$aDueto, Antonio,$d1545- approximately 1602,$ecomposer.
=700  1\$aFerretti, Giovanni,$dapproximately 1540-approximately 1609,$ecomposer.
=700  1\$aGabrieli, Andrea,$dapproximately 1533-1585,$ecomposer.
=700  1\$aGastoldi, Giovanni Giacomo,$dactive 1582-1609,$ecomposer.
=700  1\$aIngegneri, Marc Antonio,$d1535 or 1536-1592,$ecomposer.
=700  1\$aLauro, Domenico,$d1540- after 1607,$ecomposer.
=700  1\$aLocatello, Giovanni Battista,$dactive 1579-93,$ecomposer.
=700  1\$aMacque, Giovanni de,$dapproximately 1550-1614,$ecomposer.
=700  1\$aMarenzio, Luca,$d1553-1599,$ecomposer.
=700  1\$aMel, Rinaldo del,$dapproximately 1554-approximately 1598,$ecomposer.
=700  1\$aMonte, Philippe de,$d1521-1603,$ecomposer.
=700  1\$aMoscaglia, Giovanni Battista,$d-1589,$ecomposer.
=700  1\$aNanino, Giovanni Maria,$d1543 or 1544-1607,$ecomposer.
=700  1\$aNasco, Giovanni,$dapproximately 1510-1561,$ecomposer.
=700  1\$aNenna, Pomponio,$d1556-1608,$ecomposer.
=700  1\$aPhalèse, Pierre,$dapproximately 1550-1629,$eprinter.
=700  1\$aPizzoni, Giovanni,$ecomposer.
=700  1\$aPruenen, Cornelis,$ededicatee.
=700  1\$aRuffo, Vincenzo,$dapproximately 1508-1587,$ecomposer.
=700  1\$aSabino, Ippolito,$dapproximately 1550-1593,$ecomposer.
=700  1\$aSpontone, Bartolomeo,$d1530-1592,$ecomposer.
=700  1\$aVecchi, Orazio,$d1550-1605,$ecomposer.
=700  1\$aVerdonck, Cornelis,$d1563-1625,$ecomposer.
=700  1\$aWaelrant, Hubert,$d1516 or 1517-1595,$ecompiler and composer.
=700  1\$aWert, Giaches de,$d1535-1596,$ecomposer.
=752  \\$aBelgium$dAntwerp.$2lcsh/naf
=856  41$uhttp://purl.org/rism/BI/1594/8$yDigitised score
=859  \\$aXLD$bDCW
=852  4\$cDRT$jDigital Store A.559.a.$aBritish Library$bMUSIC
=985  \\$aEarly Music Online project
=985  \\$aRecord amended for WR# 13/070
=985  \\$aname title to add
=985  \\$aCorrected by MS generated file for WR# 1805-0738
=CAT  \\$aBATCH-DCW$b00$c20171107$lBLL01$h0205
=CAT  \\$a1805-0738$c20190111$lBLL01$h1807
=CAT  \\$a1805-0738$b00$c20190111$lBLL01$h1828
=CAT  \\$aBATCH-UPD$b00$c20191002$lBLL01$h1357
=FIN  \\$aY$d20171107
=LKR  \\$aPAR$lBLL01$r776$b004723438$mSymphonia angelica /$nSymphonia angelica /
=DGM  \\$a004723438$bCatBridge variable field
=DRT  \\$aDCW
=SRC  \\$aDCW$bDCW_20171106
=OHC  \\$a1
=LAS  \\$aBATCH-UPD$b00$c20191002$lBLL01$h1357

