=LDR  04044 cm a22006497  4500
=001  018586805
=003  Uk
=005  20171107020517.0
=007  cr\mn\024mpada
=008  930402s1593\\\\it\||z\\s\\\\\\\\\\\ita\\
=FMT  \\$a  MU
=019  d\$ahc08660011
=040  \\$aUk$beng$cUk
=041  \\$aita
=042  \\$aukblsr
=082  14$a780$215
=245  00$aFantasie recercari et contrapunti a tre voci /$cdi Adriano & de altri autori, appropriati per cantare & sonare d'ogni sorte di stromenti, con due Regina celi, l'uno di Adriano & l'altro di Cipriano, sopra uno medesimo canto fermo. Novamente con ogni diligenza ristampate.
=264  \1$aVenetia :$bAppresso Angelo Gardano,$cMDLXXXXIII [1593]
=300  \\$a3 part books ;$c15 x 21 cm (oblong 4º)
=336  \\$anotated music$2rdacontent
=337  \\$acomputer$2rdamedia
=338  \\$aonline$2rdacarrier
=340  \\$m4to$2rdabf
=500  \\$aCollection of ricercars in three parts, with table of contents.
=500  \\$aCopy at A.569.c. Canto (16 leaves), Basso (16 leaves); original pagination: Canto: [i], 1-30, [31], Basso: [i], 1-30, [31]; paper dimensions: 137 x 205 mm.$5Uk
=500  \\$aCopy at A.569.c. Digitised score at http://purl.org/rism/BI/1593/8.$5Uk
=500  \\$aPrevious editions include RISM B/I, 1551/16 and 1559/25. The present exemplar is the only surviving one of the 1593 edition. The missing book could be the tenor part book, as the previous edition of 1559 is scored for STB.
=500  \\$aTranscribed title page from canto part book: FANTASIE RECERCARI / ET CONTRAPVNTI A TRE VOCI, / Di Adriano & de altri Autori, appropriati per Cantare & Sonare / d'ogni sorte di Stromenti, Con due Regina cęli, l'uno / di Adriano & l'altro di Cipriano, Sopra /vno medesimo Canto Fermo. / Nouamente con ogni diligenza Ristampate. / In Venetia Appresso Angelo Gardano. / M. D. LXXXXIII.
=505  0\$aRegina caeli l[a]etare / Adriano -- Regina c[a]eli l[a]etare / Cipriano Rore -- Recercar Primo / Adriano -- Recercar secondo / Adriano -- Recercar Terzo / Adriano -- Recercar quarto / Adriano -- Recercar quinto / Adriano -- Recercar sesto / Adriano -- Recercar Settimo / Adriano -- Recercar Ottauo / Adriano -- Recercar Nono / Incerto Autore -- Recercar Decimo / Adriano -- Recercar Undecimo / Incerto Autore -- Recercar Duodecimo / Antonino Barges -- Recercar Terzodecimo / Antonino Barges -- Recercar Quartodecimo / Antonino Barges -- Recercar Quintodecimo / Girolamo da Bologna.
=510  4\$aH.M. Brown, Instrumental Music Printed Before 1600: A Bibliography (Cambridge, Mass., 1965),$cnos. 1593/8 and 1551/6.
=510  4\$aM.S. Lewis: Antonio Gardano, Venetian Music Printer 1538-1569: a Descriptive Bibliography and Historical Study (New York, 1988-97),$cno. 160.
=510  4\$aRISM B/I,$c1593 ⁸
=546  \\$aItalian words.
=650  \0$aSacred vocal music.
=650  \0$aVocal trios$vParts.
=700  1\$aBarges, Antonino,$dactive 1547-65,$ecomposer.
=700  1\$aCavazzoni, Girolamo,$dactive 16th century,$ecomposer.
=700  1\$aGardano, Angelo,$d1540-1611,$eprinter.
=700  1\$aRore, Cipriano de,$d1515 or 1516-1565,$ecomposer.
=700  1\$aWillaert, Adrian,$d1490?-1562,$ecomposer.
=752  \\$aItaly$dVenice.$2lcsh/naf
=856  41$uhttp://purl.org/rism/BI/1593/8$yDigitised score
=859  \\$aXLD$bDCW
=852  4\$cDRT$jDigital Store A.569.c.$aBritish Library$bMUSIC
=985  \\$aRecord amended for WR# 13/070
=985  \\$aname title to add
=985  \\$aCorrected by MS generated file for WR# 1805-0738
=CAT  \\$aBATCH-DCW$b00$c20171107$lBLL01$h0205
=CAT  \\$a1805-0738$c20190111$lBLL01$h1807
=CAT  \\$a1805-0738$b00$c20190111$lBLL01$h1828
=FIN  \\$aY$d20171107
=LKR  \\$aPAR$lBLL01$r776$b004746186$mFantasie recercari et contrapunti a tre voci /$nFantasie recercari et contrapunti a tre voci /
=DGM  \\$a004746186$bCatBridge variable field
=DRT  \\$aDCW
=SRC  \\$aDCW$bDCW_20171106
=OHC  \\$a1
=LAS  \\$a1805-0738$b00$c20190111$lBLL01$h1828

