=LDR  04247 cm a22006617  4500
=001  018595504
=003  Uk
=005  20171110020017.0
=007  cr\mn\024mpada
=008  930323s1549\\\\it\||z\\s\\\\\\\\\\\lat\\
=FMT  \\$a  MU
=019  d\$afa20780040
=040  \\$aUk$beng$cUk
=041  \\$alat
=042  \\$aukblsr
=082  14$a780$215
=245  00$aExcellentis autorum. Diverse modulationes que sub titulo fructus vagantur per orbem /$ca Hieronymo Scoto nuper recognite & edite. Liber primus cum quinque vocibus.
=264  \1$aVenetiis :$bApud Hieronymum Scottum,$cMDXLIX [1549]
=300  \\$a5 part books ;$c16 x 23 cm (oblong 4º)
=336  \\$anotated music$2rdacontent
=337  \\$acomputer$2rdamedia
=338  \\$aonline$2rdacarrier
=340  \\$m4to$2rdabf
=500  \\$aCollection of motets in 5 parts (SATB5), with table of contents in alphabetical order.
=500  \\$aCopy at A.633.c. BASSVS (16 leaves); original pagination: Bassus [i], I-XXX, [XXXI]; paper dimensions: 154 x 217 mm.$5Uk
=500  \\$aCopy at A.633.c. Digitised score at http://purl.org/rism/BI/1549/4.$5Uk
=500  \\$aFirst book of the series 'Motetti del Frutto'.
=500  \\$aSame contents and order as in Gardano's editions (RISM B/I 1538/4 and 1549/5).
=500  \\$aTranscribed title page from bassus part book: EXCELLENTIS. AVTORVM / DIVERSE MODVLATIONES / Que sub Titulo Fructus uagantur per orbem, a / Hieronymo Scoto Nuper / recognite & / edite. / LIBER PRIMVS / Cum Quinque uocibus. / VENETIIS, APVD / Hieronymum Scottum. / M D XLIX.
=505  0\$aIn die tribulationis mee / Jachet -- Repleatur os meum laude tua / Jachet -- Pater peccavi in celum (secunda pars: Quanti mercenarij) / Dominicus Finot -- Locutus est dominus (secunda pars: Stetit Moyses Coram Pharaone) / Jachet -- Hic est discipulos (secunda pars: Et vox clara intonuit) / N. Gombert -- Adoremus Regem magnum (secunda pars: O quanta est exultatio) / Lupi -- Stirps Jesse virgam produxit (secunda pars: Virgo Dei genitrix) / Lupi -- Salvum me fac domine (secunda pars: Veni in altitudinem) / Jachet -- Spiritus meus attenuabitur (secunda pars: Si sustinuero infernus domus mea) / Dominicus Finot -- Ne derelinquas me domine / D. Finot -- Exurge quare ob dormis (secunda pars: Sciant gentes quoniam nomen tibi) / Dominicus Finot -- Sancta Dei genitrix (secunda pars: Hec est Regina virginum) / Lupi -- Respice domine in testamentum tuum (secunda pars: Respice domine & miserere mei) / N. Gombert -- Nunqua[m] super terra[m] / Jachet -- Tribulatio cordis mei / N. Gombert -- Sancta & immaculata (secunda pars: Quae est ista) / Gombert -- Dum complerentur (secunda pars: Facta autem hac voce) / Antonius Gardane.
=510  4\$aJ. Bernstein: Music Printing in Renaissance Venice: The Scotto Press, 1539-72 (New York, 1998),$cno. 87.
=510  4\$aRISM B/I,$c1549 ⁴
=546  \\$aLatin words.
=650  \0$aMotets.
=700  0\$aJacquet,$cof Mantua,$d1483-1559,$ecomposer.
=700  1\$aGardane, Antonio,$d1509-1569,$ecomposer.
=700  1\$aGombert, Nicolas,$dactive 16th century,$ecomposer.
=700  1\$aLupi, Johannes,$d-1539,$ecomposer.
=700  1\$aPhinot, Dominique,$dapproximately 1510-approximately 1555,$ecomposer.
=700  1\$aScotto, Girolamo,$dapproximately 1505-1572,$eprinter.
=752  \\$aItaly$dVenice.$2lcsh/naf
=856  41$uhttp://purl.org/rism/BI/1549/4$yDigitised score
=859  \\$aXLD$bDCW
=852  4\$cDRT$jDigital Store A.633.c$aBritish Library$bMUSIC
=985  \\$aEarly Music Online project
=985  \\$aRecord amended for WR# 13/070
=985  \\$aname title to add
=985  \\$aCorrected by MS generated file for WR# 1805-0738
=CAT  \\$aBATCH-DCW$b00$c20171110$lBLL01$h0200
=CAT  \\$a1805-0738$c20190111$lBLL01$h1807
=CAT  \\$a1805-0738$b00$c20190111$lBLL01$h1828
=FIN  \\$aY$d20171110
=LKR  \\$aPAR$lBLL01$r776$b004538656$mExcellentis autorum. Diverse modulationes que sub titulo fructus vagantur per orbem /$nExcellentis autorum. Diverse modulationes que sub titulo fructus vagantur per orbem /
=DGM  \\$a004538656$bCatBridge variable field
=DRT  \\$aDCW
=SRC  \\$aDCW$bDCW_20171109
=OHC  \\$a1
=LAS  \\$a1805-0738$b00$c20190111$lBLL01$h1828

