=LDR  04761 cm a22007457  4500
=001  018595505
=003  Uk
=005  20171110020017.0
=007  cr\mn\024mpada
=008  930323s1560\\\\it\||z\\s\\\\\\\\\\\ita\\
=FMT  \\$a  MU
=019  d\$afc06830012
=040  \\$aUk$beng$cUk
=041  \\$aita
=042  \\$aukblsr
=082  14$a780$215
=245  00$aMadregali ariosi a quatro voci.$nLibro secondo /$ccomposti da diversi eccellentissimi autori.
=250  \\$aNovamente con somma diligentia stampatti.
=264  \1$aIn Venetia :$bAppresso di Antonio Gardano,$c1560.
=300  \\$a4 part books ;$c15 x 22 cm (oblong 4º)
=336  \\$anotated music$2rdacontent
=337  \\$acomputer$2rdamedia
=338  \\$aonline$2rdacarrier
=340  \\$m4to$2rdabf
=500  \\$aCollection of madrigals and canzoni in four parts (SATB) with table of contents ('Tavolla delli madrigali Numero 32') separating madrigals and canzoni.
=500  \\$aCopy at A.346.d. Digitised score at http://purl.org/rism/BI/1560/10.$5Uk
=500  \\$aCopy at A.346.d. Tenor (16 leaves); original pagination: Tenor: [i], 1-30, [31] p.; paper dimensions: 148 x 212 mm.$5Uk
=500  \\$aThe composers named are the same as in libro 2 of the Muse a quattro voci (Roma: Appresso Antonio Barre, 1558), with the omission of Lerma, Matelart and Archadelt and the addition of Nicodemus.
=500  \\$aTranscribed title page from tenor part book: MADREGALI ARIOSI / A QVATRO VOCI COMPOSTI DA DIVERSI / Eccellentissimi Autori, Nouamente Con somma diligentia stampatti. / LIBRO SECONDO / In Venetia Appresso di Antonio Gardano. / 1560.
=505  0\$aCanzon (Prima parte: Chiare fresch'e dolce acqua) (Seconda parte: Seglie pur mio destino) (Terza parte: Tempo verr'anchor) (Quarta parte: Da bei rami) (Quinta parte: Quante volte diss'io) / Giannetto -- Se da'i soavi accenti / Giannetto -- Mentre con suoi begliocchi / Il Caldarino -- Io procaccio martir / Joan Dominico da Nola -- Chi salira per me / Giaches Vverth -- Deh hor foss'io / Orlando di Lassus -- Era il bel viso suo (Seconda parte: Et nella face de begliocchi) / Antonio Barre -- Misero lui (Seconda parte: Et beato colui) / Giachet Berchem -- Doglia mi'acerba -- Fiorit'e verdi colli / Francesco Rosselli -- Dolorosi martir fieri tormenti / Philippo de Monte -- Moro sol per amarui -- Io vo fuggendo / Orlando di Lassus -- La fiamm'ove tutt'ardo / Paulo Animuccia -- Perche la vit'e breve / Nicodemus Canzon (Prima parte: Voi mi ponest'in foco) (Seconda parte: Pero che dal'ardore) (Terza parte: Che se tant'a voi piace) (Quarta parte: Et di voi non mi doglio) / Giannetto -- O fortunata Cice / Antonio Barre -- Donna felic' e bella / Paulo animuccia -- Prima che spunt'il sol / Vicentio Ruffo -- L'altra mattina / Il Rosso -- Donna l'ardente fiamma / Il Rosso -- Qual sventurato mai / Lupachino -- Tu mi ponest'innanzi / Paulo Animuccia.
=510  4\$aRISM B/I,$c1560 ¹⁰
=546  \\$aItalian words.
=650  \0$aMadrigals, Italian.
=700  1\$aAnimuccia, Paolo,$dapproximately 1500-1569,$ecomposer.
=700  1\$aBarré, Antonio,$dactive 1551-1564,$ecomposer.
=700  1\$aBerchem, Jachet de,$dactive 16th century,$ecomposer.
=700  1\$aBianchini, Domenico,$dapproximately 1510-approximately 1576,$ecomposer.
=700  1\$aCaldarino,$ecomposer.
=700  1\$aGardane, Antonio,$d1509-1569,$eprinter.
=700  1\$aLasso, Orlando di,$d1532-1594,$ecomposer.
=700  1\$aLupacchino, Bernardino,$ecomposer.
=700  1\$aMonte, Philippe de,$d1521-1603,$ecomposer.
=700  1\$aNola, Gian Domenico del Giovane da,$d-1592,$ecomposer.
=700  1\$aPalestrina, Giovanni Pierluigi da,$d1525?-1594,$ecomposer.
=700  1\$aRoussel, François,$dapproximately 1510-$ecomposer.
=700  1\$aRuffo, Vincenzo,$dapproximately 1508-1587,$ecomposer.
=700  1\$aWert, Giaches de,$d1535-1596,$ecomposer.
=752  \\$aItaly$dVenice.$2lcsh/naf
=856  41$uhttp://purl.org/rism/BI/1560/10$yDigitised score
=859  \\$aXLD$bDCW
=852  4\$cDRT$jDigital Store A.346.d.$aBritish Library$bMUSIC
=985  \\$aEarly Music Online project
=985  \\$aRecord amended for WR# 13/070
=985  \\$aname title to add
=985  \\$aCorrected by MS generated file for WR# 1805-0738
=CAT  \\$aBATCH-DCW$b00$c20171110$lBLL01$h0200
=CAT  \\$a1805-0738$c20190111$lBLL01$h1807
=CAT  \\$a1805-0738$b00$c20190111$lBLL01$h1828
=FIN  \\$aY$d20171110
=LKR  \\$aPAR$lBLL01$r776$b004547386$mMadregali ariosi a quatro voci.$nMadregali ariosi a quatro voci.
=DGM  \\$a004547386$bCatBridge variable field
=DRT  \\$aDCW
=SRC  \\$aDCW$bDCW_20171109
=OHC  \\$a1
=LAS  \\$a1805-0738$b00$c20190111$lBLL01$h1828

