=LDR  04538 cm a22006137  4500
=001  018595506
=003  Uk
=005  20171110020017.0
=007  cr\mn\024mpada
=008  930329s1554\\\\it\||z\\s|||||||\\\\lat\\
=FMT  \\$a  MU
=019  d\$afm00690001
=040  \\$aUk$beng$cUk
=042  \\$aukblsr
=082  14$a780$215
=245  02$aI sacri et santi salmi di David Profeta :$bche si cantano nella Santa Romana Chiesa all' hora di vespero, in canto figurato /$ccomposti da li eccellentissimi musici, Cipriano Rhore, e Jachet da Mantoa. Con li suoi Magnificat a uno choro. A versi a quatro voci, novamente post'in luce & con somma diligentia stampati & coretti.
=264  \1$aVenetiis :$bApud Hieronymum Scotum,$cMDLIIII [1554]
=300  \\$a4 part books ;$c16 x 22 cm (oblong 4º)
=336  \\$anotated music$2rdacontent
=337  \\$acomputer$2rdamedia
=338  \\$aonline$2rdacarrier
=340  \\$m4to$2rdabf
=500  \\$aCollection of psalms and magnificats for four voices (SATB).
=500  \\$aCopy at A.70.p. Digitised score at http://purl.org/rism/BI/1554/17.$5Uk
=500  \\$aCopy at A.70.p. Tenor (14 leaves); original foliation: Tenor: [I], II-XV, XVIII, XVII-XXVII, XXIX; paper dimensions: 153 x 208 mm.$5Uk
=500  \\$aThe verses are sung in alternatim, with even-numbered verses written in polyphony. The pieces by Jacquet of Mantua include the chant incipit.
=500  \\$aTitle from Tenor part book.
=500  \\$aTranscribed title page from tenor part book: I SACRI ET SANTI SALMI DI DAVID PROFETA, / Che si Cantano nella Santa Romana Chiesa all'hora / di Vespero, in Canto Figurato. / Composti da li Eccellentissimi Musici, / CIPRIANO RHORE, E IACHET DA MANTOA. / CON LI SVOI MAGNIFICAT. / A VNO CHORO. / A VERSI A QVATRO VOCI, / Nouamente Post'in Luce & Con Somma / Diligentia Stampati & Corretti. / Venetiis apud Hieronymum Scotum / MDLIIII.
=500  \\$aWith table of contents.
=505  0\$aVesper primo -- PRIMI TONI. Sede a dextris meis / Ciprian Rhore -- SEPTIMI TONI. In consilio justorum / Ciprian Rhore -- SEPTIMI TONI. In mandatis eius / Ciprian Rhore -- QUARTI TONI. Domine exaudi vocem meam / Ciprian Rhore -- OCTAVI TONI. Et omnis masuetudinis eius / Ciprian Rhore -- Et exultavit / Ciprian Rhore -- Vespero primo. Dixit dominus. Sede a dextris meis / Jachet Da Mantoa -- Confitebor tibi. In consilio justorum / Jachet Da Manto -- Beatus vir. In mandatis eius / Jachet da Mantoa -- Laudate pueri dominum. Laudate nomen domini / Jachet Da Mantoa -- Laudate dominum omnes gentes. Laudate eum omnes populo / Jachet da Mantoa -- Magnificat. Et exultavit / Jachet da mantoa -- Vespro secondo -- Dixit dominus. Sede a dextris meis / Jachet Da Mantoa -- Confitebor tibi. In consilio justorum / Jachet Da Mantoa -- Beatus vir. In mandatis eius / Jachet da Mantoa -- Laudate pueri dominum. Laudate nomen domini / Jachet da Mantoa -- Laudate dominum omnes gentes. Et collaudate eum omnes populi / Jachet Da Mantoa -- Credidi propter. Ego autem humiliatus sum / Jachet Da Mantoa -- In Convertendo dominus. Facti sumus sicut / Jachet Da Mantoa -- Beati omnes qui timent dominum. Qui ambulant / Jachet Da Mantoa.
=510  4\$aJ. Bernstein, Music Printing in Renaissance Venice: The Scotto Press, 1539-72 (New York, 1998),$cno. 137
=510  4\$aRISM B/I,$c1554 ¹⁷
=546  \\$aLatin words.
=650  \0$aAntiphons (Music)
=700  0\$aJacquet,$cof Mantua,$d1483-1559,$ecomposer.
=700  1\$aRore, Cipriano de,$d1515 or 1516-1565,$ecomposer.
=700  1\$aScotto, Girolamo,$eprinter.
=752  \\$aItaly$dVenice.$2lcsh/naf
=856  41$uhttp://purl.org/rism/BI/1554/17$yDigitised score
=859  \\$aXLD$bDCW
=852  4\$cDRT$jDigital Store A.70.p.$aBritish Library$bMUSIC
=985  \\$aRecord amended for WR# 13/070
=985  \\$aname title to add
=985  \\$aCorrected by MS generated file for WR# 1805-0738
=CAT  \\$aBATCH-DCW$b00$c20171110$lBLL01$h0200
=CAT  \\$a1805-0738$c20190111$lBLL01$h1807
=CAT  \\$a1805-0738$b00$c20190111$lBLL01$h1828
=FIN  \\$aY$d20171110
=LKR  \\$aPAR$lBLL01$r776$b004620626$mI sacri et santi salmi di David Profeta : che si cantano nella Santa Romana Chiesa all' hora di vespero, in canto figurato /$nI sacri et santi salmi di David Profeta : che si cantano nella Santa Romana Chiesa all' hora di vespero, in canto figurato /
=DGM  \\$a004620626$bCatBridge variable field
=DRT  \\$aDCW
=SRC  \\$aDCW$bDCW_20171109
=OHC  \\$a1
=LAS  \\$a1805-0738$b00$c20190111$lBLL01$h1828

