=LDR  04335 cm a22007217  4500
=001  018595507
=003  Uk
=005  20171110020017.0
=007  cr\mn\024mpada
=008  930401s1546\\\\it\||z\\s\\\\\\\\\\\ita\\
=FMT  \\$a  MU
=019  d\$agk06310007
=040  \\$aUk$beng$cUk
=041  \\$aita
=042  \\$aukblsr
=082  14$a780$215
=245  00$aVerdelot a sei.$cMadrigali di Verdelot et de altri autori a sei voci novamente con alcuni madrigali novi ristampati & corretti. A sei voci.
=264  \1$aIn Venetia :$bApresso di Antonio Gardane,$c1546.
=300  \\$a6 part books ;$c16 x 22 cm (oblong 4º)
=336  \\$anotated music$2rdacontent
=337  \\$acomputer$2rdamedia
=338  \\$aonline$2rdacarrier
=340  \\$m4to$2rdabf
=500  \\$aCollection of madrigals in six parts with table of contents ('Tavolla Delli Madrigali Numero 29') in alphabetical order.
=500  \\$aCopy at A.443.c. Cantus (16 leaves); original pagination: Cantus: [i-ii], I-XXIX, [XXX]; paper dimensions: 156 x 214 mm.$5Uk
=500  \\$aCopy at A.443.c. Digitised score at http://purl.org/rism/BI/1546/19.$5Uk
=500  \\$aReprint of RISM B/I 1541/16 with some amendments.
=500  \\$aTranscribed title page from canto part book: VERDELOT A SEI / MADRIGALI DI VERDELOT ET / DE ALTRI AVTORI A SEI VOCI / nouamente con alcuni madrigali noui ristampati & corretti / A SEI VOCI / In Venetia Apresso di / Antonio Gardane. / M. D. XXXXVI.
=505  0\$aUltimi mie sospiri / Verdelot -- Quant'in mill'anni il ciel / Noletto -- S'io veggio sotto l'un'et l'altro / Gomberth -- Quando nascesti amore / Maistre Jhan -- Donna che deggio far / Verdelot -- La dolce vista della donna -- S'in veder voi madonna / Do. Finot -- Tu che potevi sol -- Hoime che la brunetta mia / Verdelot -- Ardenti miei sospiri / Verdelot -- Tutt'il di piango -- Rompi de l'empio cor / Adriano -- Dhe perche non e in voi / Maistre Jhan -- Queste non so piu lagrime -- Dolce nimica mia -- Partomi donna / Nolleto -- Com'esser puot'amore / Archadelt -- Mandati qui d'amor -- Hor credetemi amanti -- Il sol giamai non vidde / Jachet Berchem -- Quando benigna stella -- Donne che di bellezze -- Ditemi o diva mia / Verdelot -- Non dispregiat'i miserelli amanti / Parabosco -- S'Amor non e ma se glie / Jachet Berchem -- Giunto m'ha amor / Pierresson -- Cosi estrema la doglia / Const. Festa -- Non vi lassero mai siati me / Maistre Jhan -- Quando nascesti amore / Verdelot.
=510  4\$aM.S. Lewis: Antonio Gardano, Venetian Music Printer 1538-1569: a Descriptive Bibliography and Historical Study (New York, 1988-97),$cno. 97.
=510  4\$aRISM B/I,$c1546 ¹⁹
=546  \\$aItalian words.
=650  \0$aMadrigals, Italian.
=700  1\$aArcadelt, Jacob,$dapproximately 1505-1568,$ecomposer.
=700  1\$aBerchem, Jachet de,$dactive 16th century,$ecomposer.
=700  1\$aCambio, Perissone,$dactive 16th century,$ecomposer.
=700  1\$aFesta, Costanzo,$d-1545,$ecomposer.
=700  1\$aGardane, Antonio,$d1509-1569,$eprinter.
=700  1\$aGero, Ihan,$dactive 1540-1555,$ecomposer.
=700  1\$aGombert, Nicolas,$dactive 16th century,$ecomposer.
=700  1\$aNollet,$dactive 1538-46,$ecomposer.
=700  1\$aParabosco, Gerolamo,$dapproximately 1524-1557,$ecomposer.
=700  1\$aPhinot, Dominique,$dapproximately 1510-approximately 1555,$ecomposer.
=700  1\$aVerdelot, Philippe,$d-approximately 1565,$ecomposer.
=700  1\$aWillaert, Adrian,$d1490?-1562,$ecomposer.
=752  \\$aItaly$dVenice.$2lcsh/naf
=856  41$uhttp://purl.org/rism/BI/1546/19$yDigitised score
=859  \\$aXLD$bDCW
=852  4\$cDRT$jDigital Store A.443.c.$aBritish Library$bMUSIC
=985  \\$aEarly Music Online project
=985  \\$aRecord amended for WR# 13/070
=985  \\$aname title to add
=985  \\$aCorrected by MS generated file for WR# 1805-0738
=CAT  \\$aBATCH-DCW$b00$c20171110$lBLL01$h0200
=CAT  \\$a1805-0738$c20190111$lBLL01$h1807
=CAT  \\$a1805-0738$b00$c20190111$lBLL01$h1828
=FIN  \\$aY$d20171110
=LKR  \\$aPAR$lBLL01$r776$b004715712$mVerdelot a sei.$nVerdelot a sei.
=DGM  \\$a004715712$bCatBridge variable field
=DRT  \\$aDCW
=SRC  \\$aDCW$bDCW_20171109
=OHC  \\$a1
=LAS  \\$a1805-0738$b00$c20190111$lBLL01$h1828

