=LDR  08154 cm a22007337  4500
=001  018600555
=003  Uk
=005  20171112021412.0
=007  cr\mn\024mpada
=008  930308s1571\\\\gw\||z\\s\\\\\\\\\\\ger\\
=FMT  \\$a  MU
=019  d\$aac16830001
=040  \\$aUk$beng$cUk
=042  \\$aukblsr
=082  14$a780$215
=100  1\$aAmmerbach, Elias Nikolaus,$dapproximately 1530-1597.
=240  10$aOrgel oder Instrument Tabulatur
=245  10$aOrgel oder Instrument Tabulatur :$bEin nützlichs Büchlein, in welchem notwendige erklerung der Orgel oder Instrument Tabulatur, sampt der Application, auch fröliche deutsche Stücklein unnd Muteten, etliche mit Coloraturn abgesatzt. Desgleichen schöne deutsche Tentze, Galliarden unnd welsche Passometzen zubefinden, etc. Desgleichen zuvor in offenem Druck nicht ausgangen /$cJetzundt aber der Jugend und amfahenden dieser Kunst zum besten in Druck vorfertiget, durch Eliam Nicolaum, sonst Ammerbach genandt, Organisten zu Leipzig in S. Thomas Kirchen. Mit fleis vom Autore selbs ubersehen und corrigirt.
=264  \1$aGedruckt durch Leipzig :$bdurch Jacob Berwalds Erben,$c1571.
=300  \\$a1 tablature book (109 unnumbered leaves) ;$c17 x 20 cm (oblong 4º)
=336  \\$anotated music$2rdacontent
=337  \\$acomputer$2rdamedia
=338  \\$aonline$2rdacarrier
=340  \\$m4to$2rdabf
=500  \\$aAll works in tablature for lute or other instruments, songs in sections 1-4 are in four parts while songs from the fifth section are in five parts.
=500  \\$aCopy at K.1.c.16. Digitised score at http://purl.org/rism/BI/1571/17.$5Uk
=500  \\$aCopy at K.1.c.16. Paper dimensions: 153 x 192 mm.$5Uk
=500  \\$aTablature for German songs and dances, divided into five sections (section 1 is German songs, 2-3 are dances, 4-5 are songs), for lute or organ.
=500  \\$aTranscribed title page from tablature book: Orgel oder In= / strument Tabulatur. / Ein nützlichs Büchlein, in welchem notwendige erklerung der / Orgel oder Instrument Tabulatur, sampt der Application, Auch fröliche / deutsche Stücklein vnnd Muteten, etliche mit Coloraturn abgesatzt. Desgleichen schöne / deutsche Tentze, Galliarden vnnd Welsche Passometzen zubefinden, etc. Desglei / chen zuuor in offenem Druck nicht ausgangen. / Jetzundt aber der Jugend vnd amfahenden dieser / Kunst zum besten in Druck vor= / fertiget, Durch / Eliam Nicolaum, sonst Ammerbach genandt, Orga= / nisten zu Leipzig in S. Thomas Kirchen. / Mit fleis vom Autore selbs vbersehen vnd Corrigirt. / Anno, 1571.
=500  \\$aWith foreword, woodcut image and written explanations by the editor about performance.
=500  \\$aWritten explanations are included in the preface, namely concerning the nature of tablature notation, rests, how each hand is to function in the realisation of the notation on the lute. There are several musical examples given.
=505  0\$aEin ander Dantz -- 1. Passametzo Galliarde -- 2. Passametzo -- 3. Passametzo -- 4. Passametzo -- Passametzo Dangle terre - Passametzo -- Passametzo Itali, auff den langen duplen Tack -- Salterello altera cum Reprisa -- Gott ist mein Liecht vnd mein Seligkeit -- Bewar mich Herr vnd sey nicht fern von mir -- Mag ich Hertz lieb erwerben dich -- Petercken sprach tho Petercken, Ick hebbe so ein schon Kammerkin -- Die mich erfrewet ist lobens werth -- Ich schwing mein Horn ins Jamerthal -- Dich als mich selbst -- Ich rith mir ein mal spatzieren -- Gar hoch auff einem Berge / Wolff Heintz -- Der Frisische Tritt, oder Galliard -- Hertz liebstes Bild -- Verlorner dienst der sind gar viel - Susanna -- Ich weis mir ein festes gebawtes Haus -- Ich weis mir ein gar schönes Reis / Antonius Scandel -- Ich ruff zu dir Herr Jhesu Christ / Orlandus -- Im Meyen hört man die Hanen krehen -- Ach Gott was sol ich singen / Ivo de Vento -- Auff dich setz ich mein grund und all mein zuversicht, Der ander Theil -- Fraw ich bin euch von hertzen hold / Orlandus.
=505  0\$aWo Gott der Herr nicht bey uns helt -- Herr Gott nu sey gepreiset, etc. -- [Ein ander] Herr Gott nu sey gepreiset -- Also sehr jammert Gott des Sünders grosse not -- Aller augen warten auff dich / Matthias Le Maistre -- Alto mo do -- Dancket dem Herren denn er ist her freundlich -- Dancket dem Herren inn Ewigkeit -- Her lob und Danck mit hohem fleis -- Gantz sehr betrübt ist mir mein Hertz -- Dieweil umb sonst jetzo alle kunst -- Allein nach dir Herr Jhesu Christ verlanget -- Ein Henein weis mit grossem fleis -- Ich habs gewagt -- Ach du edler Rebensafft -- Sophia spanne das Füllein inn den wagen -- Schön unnd zart von edler art -- Ich bitt dich Megdelein hab ich mich hold, für silber und für rotes Gold -- Mit lust thet ich ausreiten -- Ich armes Megdlein klag mich sehr -- Vergangen ist mir glück unnd heil -- Ach unfahls neid -- Fuchs wilde bin ich -- Ian Ian Iadrian -- Elend ich rieff und seufftz so tieff -- Gehabt euch wol zu diesen zeiten -- Mein fleis und mühe -- Ein Meidlein sprach mir freundlich zu -- Tröstlicher lieb stets ich mich ube -- Ich sage Ade -- Ich bin vorsagt -- Paule lieber Stallbruder mein -- Vor zeiten war ich lieb unnd werth -- Wenn wir in höchsten nöten sind / Johan. Baptista -- Ich rew und klag -- Mein gemuth unnd gblüt -- Ispruck ich mus dich lassen -- Mein Man der ist in Krieg gezogen -- Ach edler Hort -- So wünsch ich jr ein gute nacht - [No title] -- Wer das Töchterlein haben wil -- Der Allmeyer Dantz -- Hertzog Moritz dantz -- Pastorum Dantz -- Ein kurtzer Dantz -- Sol ich denn nu sterben -- Die Megdlein sind von Flandern -- Ein ander Dantz -- Ein sehr gutter Dantz -- Ein kurtzer Dantz -- Ein ander hübscher Dantz -- Ein ander Dantz -- Ein ander hübscher Dantz -- Ein ander Dantz --
=510  4\$aRISM B/I,$c1571 ¹⁷
=510  4\$aStanley Godman, 'Bach's Copies of Ammerbach's 'Orgel oder Instrument Tabulatur' (1571), Music & Letters 38/1 (1957),$cpp. 21-27.
=650  \0$aLute music.
=650  \0$aTablature (Music)
=700  1\$aAmmerbach, Elias Nikolaus,$dapproximately 1530-1597,$eeditor.
=700  1\$aBach, Johann Sebastian,$d1685-1750,$eformer owner.
=700  1\$aBärwald, Jacob,$dactive 1539-1570,$eprinter.
=700  1\$aBecker, Carl Ferdinand,$d1804-1877,$eformer owner.
=700  1\$aHeintz, Wolff,$d-approximately 1552,$ecomposer.
=700  1\$aLasso, Orlando di,$d1532-1594,$ecomposer.
=700  1\$aLe Maistre, Mattheus,$d-1577,$ecomposer.
=700  1\$aScandello, Antonio,$d1517-1580,$ecomposer.
=700  1\$aSerranus, Johann Baptista,$ecomposer.
=700  1\$aVento, Ivo de,$dapproximately 1540-1575,$ecomposer.
=752  \\$aGermany$dLeipzig.$2lcsh/naf
=856  41$uhttp://purl.org/rism/BI/1571/17$yDigitised score
=859  \\$aXLD$bDCW
=852  4\$cDRT$jDigital Store K.1.c.16.$aBritish Library$bMUSIC
=985  \\$aRecord amended for WR# 13/070
=985  \\$aname title to add
=985  \\$aCorrected by MS generated file for WR# 1805-0738
=CAT  \\$aBATCH-DCW$b00$c20171112$lBLL01$h0214
=CAT  \\$a1805-0738$c20190111$lBLL01$h1807
=CAT  \\$a1805-0738$b00$c20190111$lBLL01$h1828
=FIN  \\$aY$d20171112
=LKR  \\$aPAR$lBLL01$r776$b004172377$mOrgel oder Instrument Tabulatur : Ein nützlichs Büchlein, in welchem notwendige erklerung der Orgel oder Instrument Tabulatur, sampt der Application, auch fröliche deutsche Stücklein unnd Muteten, etliche mit Coloraturn abgesatzt. Desgleichen schöne deutsche Tentze, Galliarden unnd welsche Passometzen zubefinden, etc. Desgleichen zuvor in offenem Druck nicht ausgangen /$nOrgel oder Instrument Tabulatur : Ein nützlichs Büchlein, in welchem notwendige erklerung der Orgel oder Instrument Tabulatur, sampt der Application, auch fröliche deutsche Stücklein unnd Muteten, etliche mit Coloraturn abgesatzt. Desgleichen schöne deutsche Tentze, Galliarden unnd welsche Passometzen zubefinden, etc. Desgleichen zuvor in offenem Druck nicht ausgangen /
=DGM  \\$a004172377$bCatBridge variable field
=DRT  \\$aDCW
=SRC  \\$aDCW$bDCW_20171111
=OHC  \\$a1
=LAS  \\$a1805-0738$b00$c20190111$lBLL01$h1828

