=LDR  03470 cm a22006497  4500
=001  018600556
=003  Uk
=005  20190710170941.0
=007  cr\mn\024mpada
=008  930308s1570\\\\it\||z\\s\\\\\\\\\\\lat\\
=FMT  \\$a  MU
=019  d\$aad19850002
=040  \\$aUk$beng$cUk
=041  \\$alat
=042  \\$aukblsr
=082  14$a780$215
=245  00$aMissarum cum quinque, et sex vocibus.$nLiber primus,$pMissa iluminare Hierusalem ; Missa aspice domine ; Missa tribularer ; Missa standomi un giorno, cum sex vocibus /$cHippolyti Baccusii.
=250  \\$aNunc primum in lucem aeditus.
=264  \1$aVenetiis :$bApud Hieronymum Scotum,$cMDLXX [1570]
=300  \\$a5 part books ;$c22 x 16 cm (4º)
=336  \\$anotated music$2rdacontent
=337  \\$acomputer$2rdamedia
=338  \\$aonline$2rdacarrier
=340  \\$m4to$2rdabf
=500  \\$aCollection of masses in five and six parts. All five-part works except for the last which is in six parts. The number of voices varies in sections within the masses, ranging from three to six.
=500  \\$aCopy at D.30. CANTVS (16 leaves), ALTVS (16 leaves), TENOR (16 leaves), BASSVS (16 leaves), QVINTVS (20 leaves); original pagination: Cantus: [1-2], 3-32 Altus: [1-2], 3-32 Tenor: [1-2], 3-32 Bassus: [1-2], 3-23, 20, 25-32 Quintus: [1-2], 3-40; paper dimensions: 213 x 150 mm.$5Uk
=500  \\$aCopy at D.30. Digitised score at http://purl.org/rism/BI/1570/1a.$5Uk
=500  \\$aTranscribed title page from cantus part book: HIPPOLYTI BACCVSII MISSARVM / CVM QVINQVE, ET SEX VOCIBVS / LIBER PRIMVS. / Nunc primum in lucem Æditus. / Missa Iluminare Hierusalem. / Missa Aspice domine. / Missa Tribularer. / Missa Standomi vn giorno. cum sex vocibus. / VENETIIS, / APVD HIERONYMVM SCOTVM. / M D LXX.
=505  0\$aMissa super Illuminare Hierusalem -- Missa super Aspice domine -- Missa Tribularer / Falcidij foriiuliensis -- Missa super Standomi un giorno, cum sex vocibus / Orlando.
=510  4\$aJ. Bernstein: Music Printing in Renaissance Venice: The Scotto Press, 1539-72 (New York, 1998),$cno. 338.
=510  4\$aRISM B/I,$c1570/ ¹ᵃ
=546  \\$aLatin words.
=650  \0$aMasses, Unaccompanied$vParts.
=700  1\$aBever, Thomas,$d1725-1791,$eformer owner.
=700  1\$aScotto, Girolamo,$eprinter.
=700  12$aBaccusi, Ippolito,$dapproximately 1540-1609.$tMissa super Aspice domine.
=700  12$aBaccusi, Ippolito,$dapproximately 1540-1609.$tMissa super Illuminare Hierusalem.
=700  12$aFalcidio, Giovanni Battista.$tMissa Tribularer.
=700  12$aLasso, Orlando di,$d1532-1594.$tMissa super Standomi un giorno.
=752  \\$aItaly$dVenice.$2lcsh/naf
=856  41$uhttp://purl.org/rism/BI/1570/1a$yDigitised score
=859  \\$aXLD$bDCW
=852  4\$cDRT$jDigital Store D.30.$aBritish Library$bMUSIC
=985  \\$aRecord amended for WR# 13/070
=985  \\$aname title to add
=985  \\$aCorrected by MS generated file for WR# 1805-0738
=CAT  \\$aBATCH-DCW$b00$c20171112$lBLL01$h0214
=CAT  \\$a1805-0738$c20190111$lBLL01$h1807
=CAT  \\$a1805-0738$b00$c20190111$lBLL01$h1828
=CAT  \\$a12274$b40$c20190710$lBLL01$h1709
=FIN  \\$aY$d20171112
=LKR  \\$aPAR$lBLL01$r776$b004184054$mMissarum cum quinque, et sex vocibus.$nMissarum cum quinque, et sex vocibus.
=DGM  \\$a004184054$bCatBridge variable field
=DRT  \\$aDCW
=SRC  \\$aDCW$bDCW_20171111
=OHC  \\$a1
=LAS  \\$a12274$b40$c20190710$lBLL01$h1709

