=LDR  04095 cm a22007097  4500
=001  018600557
=003  Uk
=005  20171112021413.0
=007  cr\mn\024mpada
=008  930308s1546\\\\it\||z\\s\\\\\\\n\\\zxx\\
=FMT  \\$a  MU
=019  d\$aae08820001
=040  \\$aUk$beng$cUk
=041  \\$gita
=042  \\$aukblsr
=082  14$a780$215
=245  00$aIntabulatura di lautto ... de la messa di Antonio Fevino. Sopra Ave Maria.$nLibro quarto /$cIntabulata & accomodata per sonare sopra il lautto dal Reverendo messer pre MARCHIORE de barberijs da Padova sonatore eccellentissimo de lautto, da lui proprio nuovamente à utilità di virtuosi posta in luce, con alcuni altri suoi recercari accomodati sopra il tuono di ditta messa. Agiontovi il nuovo modo di accordare il lautto posto in fine.
=264  \1$aVenetia :$b[Girolamo Scotto],$cMDXLVI [1546]
=300  \\$a1 score ;$c16 x 22 cm (oblong 4º)
=336  \\$anotated music$2rdacontent
=337  \\$acomputer$2rdamedia
=338  \\$aonline$2rdacarrier
=340  \\$m4to$2rdabf
=500  \\$aCollection of music for lute in tablature.
=500  \\$aCopy at K.1.c.14.a. 24 leaves; [1], 2-24 f.; paper dimensions: 150 x 215 mm.$5Uk
=500  \\$aCopy at K.1.c.14.a. Digitised score at http://purl.org/rism/BI/1546/22.$5Uk
=500  \\$aThe music was intabulated by Melchiore de Barberiis. The title page indicates that he composed 'recercari', probably a reference to the fantasias and duos in the volume.
=500  \\$aTranscribed title page: INTABVLATVRA / DI LAVTTO / LIBRO QVARTO / DE LA MESSA DI ANTONIO FEVINO. SOPRA AVE MARIA / Intabulata & accomodata per sonare sopra il Lautto dal Reuerendo messer pre / MARCHIORE de barberijs da Padoua sonatore eccellentißimo de Lautto, da / lui proprio nuouamente à utilità di uirtuosi posta in luce, con alcuni altri suoi recercari accomodati so- / pra il tuono di ditta messa. / Agiontoui il nuouo modo di accordare il Lautto posto in fine. / Con gratia & priuilegio. / VENETIA M D XLVI.
=500  \\$aWith instructions on how to play the lute (fols. 23v-24v).
=500  \\$aWith table of contents ('Tavola').
=505  0\$aLa messa di antonio fevino intitulata ave maria Chirie / antonio fevino -- Qui tollis peccata / Richafort -- Benedictus qui venit -- Agnus Dei / lupus -- Agnus dei / lehortur - Duo - Fantasia - Fantasia -- Crucifizus in duo / Carpentias -- Fantasia.
=510  4\$aH. M. Brown, Instrumental Music Printed Before 1600: a Bibliography (Cambridge, MA, 1965),$c1546/2.
=510  4\$aJ. Bernstein: Music Printing in Renaissance Venice: The Scotto Press, 1539-72 (New York, 1998),$cno. 60.
=510  4\$aRISM B/I,$c1546 ²²
=650  \0$aLute music
=650  \0$aTablature (Music)
=700  0\$aCarpentras,$dapproximately 1470-1548,$ecomposer.
=700  0\$aLupus,$dactive 1518-1530,$ecomposer.
=700  1\$aBarberiis, Melchiorre de,$earranger.
=700  1\$aFévin, Antoine de,$ecomposer.
=700  1\$aLhéritier, Jean,$ecomposer.
=700  1\$aPisani, Francesco,$ededicatee.
=700  1\$aRichafort, Jean,$dactive 1507-1548,$ecomposer.
=700  1\$aScotto, Girolamo,$eprinter.
=752  \\$aItaly$dVenice.$2lcsh/naf
=856  41$uhttp://purl.org/rism/BI/1546/22$yDigitised score
=859  \\$aXLD$bDCW
=852  4\$cDRT$jDigital Store K.1.c.14.a.$aBritish Library$bMUSIC
=985  \\$aEarly Music Online project
=985  \\$aRecord amended for WR# 13/070
=985  \\$aname title to add
=985  \\$aCorrected by MS generated file for WR# 1805-0738
=CAT  \\$aBATCH-DCW$b00$c20171112$lBLL01$h0214
=CAT  \\$a1805-0738$c20190111$lBLL01$h1807
=CAT  \\$a1805-0738$b00$c20190111$lBLL01$h1828
=FIN  \\$aY$d20171112
=LKR  \\$aPAR$lBLL01$r776$b004193421$mIntabulatura di lautto ... de la messa di Antonio Fevino. Sopra Ave Maria.$nIntabulatura di lautto ... de la messa di Antonio Fevino. Sopra Ave Maria.
=DGM  \\$a004193421$bCatBridge variable field
=DRT  \\$aDCW
=SRC  \\$aDCW$bDCW_20171111
=OHC  \\$a1
=LAS  \\$a1805-0738$b00$c20190111$lBLL01$h1828

