=LDR  08205ccm a22008297  4500
=001  018600558
=003  Uk
=005  20171112021413.0
=007  cr\mn\024mpada
=008  930308s1596\\\\enk||z\\s\\\\\\\\\\\eng\\
=FMT  \\$a  MU
=019  d\$aae10620001
=040  \\$aUk$beng$cUk
=042  \\$aukblsr
=082  14$a780$215
=100  1\$aBarley, William,$d1565?-1614.
=245  12$aA nevv booke of tabliture :$bcontaining sundrie easie and familiar instructions, shevving howe to attaine to the knovvledge, to guide and dispose thy hand to play on sundry instruments, as the lute, orpharion, and bandora: together vvith divers nevv lessons to each of these instruments. VVhereunto is added an introduction to prickesong and certaine familliar rules of descant, with other necessarie tables plainely shewing the true use of the scale or gamut, and also how to set any lesson higher or lower at your pleasure /$cCollected together [by William Barley] out of the best authors professing the practise of these instruments.
=246  15$aNevv booke of tabliture for the bandora
=246  15$aNevve booke of tabliture for the orpharion
=246  17$aInstruction to the bandore
=246  17$aInstruction to the lute
=246  17$aInstruction to the orpharion
=264  \1$aPrinted at London :$bfor William Barley,$c1596.
=300  \\$a[104 unnumbered pages of music] ;$c16 x 21 cm (oblong 4º)
=336  \\$anotated music$2rdacontent
=337  \\$acomputer$2rdamedia
=338  \\$aonline$2rdacarrier
=340  \\$m4to$2rdabf
=500  \\$aCopy at K.1.c.18. 56 leaves; paper dimensions: 150 x 200 mm.; Sig. F2v and F3r (in the first section) are printed upside down.$5Uk
=500  \\$aCopy at K.1.c.18. Digitised scores at http://purl.org/rism/BI/1596/20/1, http://purl.org/rism/BI/1596/20/2 and http://purl.org/rism/BI/1596/20/3.$5Uk
=500  \\$aThe second 'galiard of the Countesse of Sussex' by P.P is attributed to Peter Philips in RISM B/1 and Philip Rossetter by H.M. Brown.
=500  \\$aTranscribed title page for the whole volume: A nevv Booke of Tabliture, Containing / sundrie easie and familiar Instructions , shevving hovve to attaine to the knovvledge , / to guide and dispose thy hand to play on sundry Instruments , as the Lute , Orpharion, / and Bandora : Together vvith diuers nevv Lessons to each of these Instruments. / Whereunto is added an introduction to Prickesong and certaine familliar rules of Descant, with other / necessarie Tables plainely shewing the true vse of the Scale or Gamut, and also how to set any Lesson / higher or lower at your pleasure. / Collected together out of the best Authors professing the practise of these Instruments. / Printed at London for William Barley and are to be sold at his shop in Gratious street, 1596.
=500  \\$aTranscribed title page from second section of publication: A nevve Booke of Tabliture for the Orpha- / rion: Contayning sundrie sorts of lessons, collected together out of diuers good Authors, for / the furtherance and delight of such as are desirous to practise on this Instrument. / Never before published. / Imprinted at London for VVilliam Barley, and are to be sold at his shop in Gratious / street neere Leaden-Hall.
=500  \\$aTranscribed title page from third section of publication: A nevv Booke of Tabliture for the Bando- / ra: Contayning sundrie sorts of lessons, collected together out of diuers good Authors for / the furtherance and delight of such as are desirous to practise on this Instrument. / Never before published. / Imprinted at London for VVilliam Barley, and are to be sold at his shop in Gratious / street neere Leaden-Hall.
=500  \\$aWilliam Barley's New book of tablature comprises pieces in tablature in for solo lute (first section of publication), solo orpharion (second section) and solo bandora (third section). Issued as one publication, but with three distinct sections each with their own running titles.
=505  0\$aInstruction to the lute: The x. Commandements / [Anon]; Example / [Anon]; A Pavan for the Lute / F.C.; A Pavan for the Lute / F.C.; Lacrime / I.D.; A Paven for the Lute (At end: Pipers Pavin) / I.D; A Pavin for the Lute (At end: An Almaine) / F.C.; Fortune / ID; A Pavin for the Lute (At the end: A Galliarde) / Fr. C -- Instruction to the orpharion: The Countesse of Sussex Galliard. / P:R; Another galiard of the Countesse of Sussex / PP; Another galiard of the Countesse of Sussex / P.R.; Solus cum sola made by I.D. / I. D.; A Galliard made by I.D. / I. D.; A Galliard made by F.C. / Fr. C; A galliard made by Ed.I, / Ed.I; An Almaine by Frances Cuting / Frances Cuting; Go from my Windowe made by I.D. / I.D.; Bockingtons Pound by Fr. C. / Fr.C; Mistris Winters Jumpe made by I.D. / I.D.; Cuttings comfort / Fr.C; Walsinggham made by Francis Cutting / Francis Cutting; Master Birds Pavan set by Francis Cutting / Bird, Francis Cutting -- Instruction to the bandora: The Quadron Pavan / [Anon.]; The Quadron Galliard / [Anon.]; A Perludium / A.H.; The new Hunt sundry waies made by Frances Cutting / Frances Cutting; [unnamed] / A.H.; Those eies which set my fancie on a fire / [Anon.]; Howe can the tree but waste and wither away. / [Anon.]; One joy of joyes I only felt / [Anon.]; But this & then no more it is my last of all / [Anon.] - Treschoses / [Anon].
=510  4\$aHoward Mayer Brown, Instrumental Music Printed Before 1600: A Bibliography (Cambridge, MA: Harvard University Press, 1965),$c1596/4, 1596/5 and 1596/6.
=510  4\$aRISM B/I,$c1596 ²⁰
=650  \0$aBandora music.
=650  \0$aLute music.
=650  \0$aOrpharion music.
=650  \0$aTablature (Music)
=700  1\$aByrd, William,$d1539 or 1540-1623,$ecomposer.
=700  1\$aCutting, Francis,$ecomposer.
=700  1\$aDowland, John,$d1563?-1626,$ecomposer.
=700  1\$aHolborne, Anthony,$d-1602,$ecomposer.
=700  1\$aJohnson, Edward,$d1599?-1672,$ecomposer.
=700  1\$aSussex, Bridget Radcliffe,$cCountess of,$d1575-1623,$ededicatee.
=700  1\$aPhilips, Peter,$d1561-1628,$ecomposer.
=700  1\$aRosseter, Philip,$d1567 or 1568-1623,$ecomposer.
=752  \\$aEngland$dLondon.$2lcsh/naf
=856  41$uhttp://purl.org/rism/BI/1596/20/1$yDigitised score
=856  41$uhttp://purl.org/rism/BI/1596/20/2$yDigitised score
=856  41$uhttp://purl.org/rism/BI/1596/20/3$yDigitised score
=859  \\$aXLD$bDCW
=852  4\$cDRT$jDigital Store K.1.c.18.$aBritish Library$bMUSIC
=985  \\$aEarly Music Online batch 2
=985  \\$aRecord amended for WR# 13/070
=985  \\$aname title to add
=985  \\$aCorrected by MS generated file for WR# 1805-0738
=CAT  \\$aBATCH-DCW$b00$c20171112$lBLL01$h0214
=CAT  \\$a5100$b40$c20180523$lBLL01$h1015
=CAT  \\$a1805-0738$c20190111$lBLL01$h1807
=CAT  \\$a1805-0738$b00$c20190111$lBLL01$h1828
=CAT  \\$a13463$b40$c20220120$lBLL01$h1137
=FIN  \\$aY$d20171112
=LKR  \\$aPAR$lBLL01$r776$b004194281$mA nevv booke of tabliture : containing sundrie easie and familiar instructions, shevving howe to attaine to the knovvledge, to guide and dispose thy hand to play on sundry instruments, as the lute, orpharion, and bandora: together vvith divers nevv lessons to each of these instruments. VVhereunto is added an introduction to prickesong and certaine familliar rules of descant, with other necessarie tables plainely shewing the true use of the scale or gamut, and also how to set any lesson higher or lower at your pleasure /$nA nevv booke of tabliture : containing sundrie easie and familiar instructions, shevving howe to attaine to the knovvledge, to guide and dispose thy hand to play on sundry instruments, as the lute, orpharion, and bandora: together vvith divers nevv lessons to each of these instruments. VVhereunto is added an introduction to prickesong and certaine familliar rules of descant, with other necessarie tables plainely shewing the true use of the scale or gamut, and also how to set any lesson higher or lower at your pleasure /
=DGM  \\$a004194281$bCatBridge variable field
=DRT  \\$aDCW
=SRC  \\$aDCW$bDCW_20171111
=OHC  \\$a1
=LAS  \\$a13463$b40$c20220120$lBLL01$h1137

