=LDR  03989 cm a22007337  4500
=001  018600559
=003  Uk
=005  20171112021413.0
=007  cr\mn\024mpada
=008  930308s1546\\\\it\||z\\s\\\\\\\\\\\zxx\\
=FMT  \\$a  MU
=019  d\$aag14110001
=040  \\$aUk$beng$cUk
=042  \\$aukblsr
=082  14$a780$215
=100  1\$aBianchini, Domenico,$dapproximately 1510-approximately 1576.
=240  10$aIntabolatura de lauto,$nlibro 1
=245  10$aIntabolatura de lauto /$cdi Dominico Bianchini ditto Rossetto di ricercari motetti madrigali canzon Francese Napolitane et balli novamente stampati. Libro primo.
=264  \1$aVenetia :$bApresso di Antonio Gardane,$cMDXXXXVI [1546]
=300  \\$a1 score ;$c15 x 22 cm (oblong 4º)
=336  \\$anotated music$2rdacontent
=337  \\$acomputer$2rdamedia
=338  \\$aonline$2rdacarrier
=340  \\$m4to$2rdabf
=500  \\$aCollection of music for lute in tablature.
=500  \\$aCopy at K.1.c.11. 20 leaves; each piece bears a number: 1-2, 4-3, 5-22, 24 (sic), 24-27; paper dimensions: 145 x 210 mm.$5Uk
=500  \\$aCopy at K.1.c.11. Digitised score at http://purl.org/rism/BI/1546/24.$5Uk
=500  \\$aMusic consists of arrangements of secular and sacred music for lute intabulated by Domenico Bianchini and compositions by himself.
=500  \\$aTranscribed title page: INTABOLATVRA / DE LAVTO / DI DOMINICO BIANCHINI /DITTO ROSSETTO DI RICERCARI MOTETTI / MADRIGALI CANZON FRANCESE NAPOLITANE / ET BALLI NOVAMENTE STAMPATI / LIBRO PRIMO / IN VENETIA Apresso di / Antonio Gardane / M. D. XXXXVI.
=500  \\$aWith table of contents ['Tavola'] in three columns, two of them with the headings 'Canzon Francese', and 'Balli'.
=505  1\$aRecercar primo -- Recercar segondo -- Duo -- Recercar terzo -- Con lei fuss'io -- Aupres de vous -- Madonna io non lo so -- Pass'emezo -- La sua padoana -- Il suo saltarello -- Le forze derculle -- Lodesana -- Meza notte -- La cara cossa -- El burato -- Ave santissima -- Santo Erculano -- Cest grand pitie -- Recercar -- Il me suffit -- Par ton regard -- Le dur travail -- Recercar -- Torza -- O s'io potessi donna -- Tant que vivrai -- Pongente dardo.
=510  4\$aH. M. Brown, Instrumental Music Printed Before 1600: a Bibliography (Cambridge, MA, 1965),$c1546/5.
=510  4\$aM.S. Lewis: Antonio Gardano, Venetian Music Printer 1538-1569: a Descriptive Bibliography and Historical Study (New York, 1988-97),$cno. 82.
=510  4\$aRISM B/I,$c1546 ²⁴
=650  \0$aLute music
=650  \0$aTablature (Music)
=700  0\$aJacotin,$ecomposer.
=700  1\$aArcadelt, Jacob,$dapproximately 1505-1568,$ecomposer.
=700  1\$aBerchem, Jachet de,$dactive 16th century,$ecomposer.
=700  1\$aCerton, Pierre,$d-1572,$ecomposer.
=700  1\$aCorteccia, Francesco,$d1502-1571,$ecomposer.
=700  1\$aGardane, Antonio,$d1509-1569,$eprinter.
=700  1\$aGombert, Nicolas,$dactive 16th century,$ecomposer.
=700  1\$aPonte, Giaches de,$dactive 16th century,$ecomposer.
=700  1\$aSermisy, Claudin de,$dapproximately 1490-1562,$ecomposer.
=700  1\$aWillaert, Adrian,$d1490?-1562,$ecomposer.
=752  \\$aItaly$dVenice$2lcsh/naf
=856  41$uhttp://purl.org/rism/BI/1546/24$yDigitised score
=859  \\$aXLD$bDCW
=852  4\$cDRT$jDigital Store K.1.c.11.$aBritish Library$bMUSIC
=985  \\$aEarly Music Online project
=985  \\$aRecord amended for WR# 13/070
=985  \\$aname title to add
=985  \\$aCorrected by MS generated file for WR# 1805-0738
=CAT  \\$aBATCH-DCW$b00$c20171112$lBLL01$h0214
=CAT  \\$a1805-0738$c20190111$lBLL01$h1807
=CAT  \\$a1805-0738$b00$c20190111$lBLL01$h1828
=FIN  \\$aY$d20171112
=LKR  \\$aPAR$lBLL01$r776$b004217404$mIntabolatura de lauto /$nIntabolatura de lauto /
=DGM  \\$a004217404$bCatBridge variable field
=DRT  \\$aDCW
=SRC  \\$aDCW$bDCW_20171111
=OHC  \\$a1
=LAS  \\$a1805-0738$b00$c20190111$lBLL01$h1828

