=LDR  06024 cm a2200829 a 4500
=001  018600560
=003  Uk
=005  20171112021413.0
=007  cr\mn\024mpada
=008  930310s1549\\\\be\||z\\s\\\\\\\\\\\zxx\\
=FMT  \\$a  MU
=019  d\$aca13030004
=040  \\$aUk$beng$cUk
=041  \\$alat
=042  \\$aukblsr
=082  14$a780$215
=245  00$aCarminum quae chely vel testudine canuntur.$nLiber primus :$bcum brevi introductione in usum testudinis.
=264  \1$aLovanij :$bApud Petrum Phalysium, Bibliopolam iuratum,$cAnno MDXLIX [1549]
=300  \\$a[63] pages of music ;$c16 x 21 cm (oblong 4º)
=336  \\$anotated music$2rdacontent
=337  \\$acomputer$2rdamedia
=338  \\$aonline$2rdacarrier
=340  \\$m4to$2rdabf
=500  \\$aA substantially revised edition of Phalèse's Des chanson reduictz en tabulature de lut à deux, troi, et quatre parties. Livre premier (Leuven, Phalèse, 1545), RISM 1545/21.
=500  \\$aAttributions taken from Henri Vanhulst, Catalogue des éditions de musique publiées à Louvain par Pierre Phalèse et ses fils 1545-1578 (Brussels: Palais des Académis, 1990), No.7.
=500  \\$aCollection of pieces for solo lute, including fantasias, dances and intabulations of French chansons and Dutch songs.
=500  \\$aColophon: A Lovanij Excudenbat Iacobus Bathenius. M D. XLIX.
=500  \\$aCopy at K.1.c.8.(3.). 36 leaves; paper dimensions: 150 x 197 mm.$5Uk
=500  \\$aCopy at K.1.c.8.(3.). Digitised score at http://purl.org/rism/BI/1549/38.$5Uk
=500  \\$aTranscribed title page: CARMINVM QUAE / CHELY VEL TESTVDINE CANVNTVR, / Liber primus. / Cum breui Introductione in usum Testudinis. / LOVANII / Apud PETRVM PHALYSIVM Bibliopolam iuratum, / Anno M. D. XLIX. / Cum gratia & Priuilegio.
=500  \\$aWoodcuts of musicians on the title page, a lute on the verso of the title page and on the final page.
=505  0\$aFantasie -- Fantasie -- Fantasie / [Giovanni Maria, da Crema] -- Fantasie / [Giovanni Maria, da Crema] -- Fantasie / [Giovanni Maria, da Crema] -- Si vous estes belle -- Ryck Godt -- [Die lustelycke mey] -- Il me souffit / [Claudin de Sermisy] -- Fortune helas -- Dont vient cela / [Claudin de Sermisy] - Languir / [Claudin de Sermisy] -- Amis souffrez / [Pierre Moulu or Heinrich Isaac] -- Du bon du cueur -- Cest doncq pour moy / [Ninot, le petit or Adrian Willaert -- Tant que vivray / [Claudin de Sermisy] -- Ces facheux sotz -- Vivray je tousiours en soucy / [Claudin de Sermisy] -- Destre amoreux -- Si vostre cueur -- Le dur regret -- Si mon travail / [Sandrin] -- Vous perdez tamps / [Claudin de Sermisy] -- Aupres de vous / [Claudin de Sermisy] -- Je prens en gre / [Jacobus Clemens non Papa] -- Damour me plains / [Rogier Pathie] -- Toutte le nuict / [Thomas Crecquillon] -- Or combien est / [Claudin de Sermisy] -- Vivray je tousiours en soucy / [Petit Jean De Latre] -- Doulce memoire / [Sandrin] -- Faict on failly / [Bridam (Vanhulst)] -- Le seul plaisier / [Pierre Certon] -- Jamays jaymera / [Jean Mouton] -- Aupres de vous / [Claudin de Sermisy] -- Helas amy / [Sandrin, fl. 1538-1561 (LC)] -- Amy helas -- Tant que vivray / [Claudin de Sermisy] -- Il me souffrir / [Claudin de Sermisy] -- Ung gay bergier / [Thomas Crecquillon] -- Ronde -- Curendo -- Quatre brant -- Fago -- Brant de champaigne -- Six brant. -- Le pied cheval -- Passemezo -- Gallarde -- Gallarde -- Alemaigne - Paduana -- Gaillarde -- Paduana -- Caillarde -- Gallairde -- [Traditora] -- La bella francsikina -- Factie -- Si vous estes belle.
=510  4\$aH.M. Brown, Instrumental music printed before 1600 : a bibliography (Cambridge, MA: Harvard University Press, 1965),$cno. 1549/8
=510  4\$aHenri Vanhulst, Catalogue des éditions de musique publiées à Louvain par Pierre Phalèse et ses fils 1545-1578 (Brussels: Palais des Académis, 1990),$cno. 7
=510  4\$aRISM B/I,$c1549 ³⁸
=650  \0$aIntabulations (Lute)
=650  \0$aLute music.
=700  0\$aBridam,$d16th century,$ecomposer.
=700  0\$aGiovanni Maria,$cda Crema,$dactive 1540-1550,$ecomposer.
=700  0\$aNinot,$cle Petit,$ecomposer.
=700  0\$aSandrin,$dactive 1538-1561,$ecomposer.
=700  1\$aBaethen, Jacob,$eprinter.
=700  1\$aCerton, Pierre,$d-1572,$ecomposer.
=700  1\$aClemens non Papa, Jacobus,$dapproximately 1510-approximately 1555,$ecomposer.
=700  1\$aCrecquillon, Thomas,$d-1557?,$ecomposer.
=700  1\$aDe Latre, Petit Jean,$dapproximately 1510-1569,$ecomposer.
=700  1\$aIsaac, Heinrich,$dapproximately 1450-1517,$ecomposer.
=700  1\$aMoulu, Pierre,$ecomposer.
=700  1\$aMouton, Jean,$d-1522,$ecomposer.
=700  1\$aPathie, Rogier,$dapproximately 1510-$ecomposer.
=700  1\$aPhalèse, Pierre,$dapproximately 1510-$eprinter.
=700  1\$aSermisy, Claudin de,$dapproximately 1490-1562,$ecomposer.
=700  1\$aWillaert, Adrian,$d1490?-1562,$ecomposer.
=710  2\$aJacob Baethen (Firm),$eprinter.
=752  \\$aBelgium$dLouvain.$2lcsh/naf
=856  41$uhttp://purl.org/rism/BI/1549/38$yDigitised score
=859  \\$aXLD$bDCW
=852  4\$cDRT$jDigital Store K.1.c.8.(3.)$aBritish Library$bMUSIC
=985  \\$aRecord amended for WR# 13/070
=985  \\$aname title to add; heading Bridam, 16th century needs work (not in Grove)
=985  \\$aCorrected by MS generated file for WR# 1805-0738
=CAT  \\$aBATCH-DCW$b00$c20171112$lBLL01$h0214
=CAT  \\$a1805-0738$c20190111$lBLL01$h1807
=CAT  \\$a1805-0738$b00$c20190111$lBLL01$h1828
=CAT  \\$aBATCH-UPD$b00$c20190607$lBLL01$h2046
=FIN  \\$aY$d20171112
=LKR  \\$aPAR$lBLL01$r776$b004256067$mCarminum quae chely vel testudine canuntur. cum brevi introductione in usum testudinis.$nCarminum quae chely vel testudine canuntur. cum brevi introductione in usum testudinis.
=DGM  \\$a004256067$bCatBridge variable field
=DRT  \\$aDCW
=SRC  \\$aDCW$bDCW_20171111
=OHC  \\$a1
=LAS  \\$aBATCH-UPD$b00$c20190607$lBLL01$h2046

