=LDR  04740 cm a2200697 a 4500
=001  018600561
=003  Uk
=005  20171112021413.0
=007  cr\mn\024mpada
=008  930310s1546\\\\be\||z\\s\\\\\\\\\\\zxx\\
=FMT  \\$a  MU
=019  d\$acc08190068
=040  \\$aUk$beng$cUk
=041  \\$glat
=042  \\$aukblsr
=082  14$a780$215
=100  0\$aFrancesco,$cda Milano,$d1497-1543,$ecomposer.
=240  10$aLute music.$kSelections
=245  10$aCarminum pro testudine.$nLiber iiii :$bin quo continentur excellentissima carmina, dicta paduana & galiarda /$ccomposita per Franciscum Mediolanensem & Petrum Paulum Mediolanensem, ac alios artifices in hac arte praestantissimos.
=264  \1$aLovanii :$bApud Petrum Phalesium,$c1546.
=300  \\$a1 v. of music (unpaged) ;$c18 x 22 cm (oblong 4º)
=336  \\$anotated music$2rdacontent
=337  \\$acomputer$2rdamedia
=338  \\$aonline$2rdacarrier
=340  \\$m4to$2rdabf
=500  \\$a'Paduana duabus testud.' and 'Caracossa' are both for two lutes.
=500  \\$aAttributions taken from Henri Vanhulst, Catalogue des éditions de musique publiées à Louvain par Pierre Phalèse et ses fils 1545-1578 (Brussels: Palais des Académis, 1990), no. 3.
=500  \\$aCollection of music for 1 or 2 lutes in tablature including fantasias, pavans, galliards and other dances.
=500  \\$aCopy at Hirsch III.462.(4.). 40 leaves; paper dimensions: 167 x 207 mm.$5Uk
=500  \\$aCopy at Hirsch III.462.(4.). Digitised score at http://purl.org/rism/BI/1546/28.$5Uk
=500  \\$aTranscribed colophon: LOUVANII / EXCVDEBAT IACOBVS BATIVS TYPOGRAPHVS A CAE. MA ADMISSVS. / m. d. xlvi. Men Decemb.
=500  \\$aTranscribed title page from part book: Carminum pro Testudine Liber IIII. / IN QVO CONTINENTVR EXCELLENTISSIMA / carmina, dicta Paduana & Galiarda, composita per Franciscum Mediolanensem: / & Petrum Paulum Mediolanensem, ac alios artifices / in hac arte praestantissimos. / LOVANII/ Apud PETRVM PHALESIVM Bibliopolam iuratum. / Anno Domini M. D. XLVI. / Cum gratia & priuilegio ad triennium.
=500  \\$aWith printer's privilege in Latin.
=500  \\$aWith woodcuts of musicians on the title page and a lute on final page.
=505  0\$aFantasia / Francisci Mediolanensis -- Fantasia / Francisci Mediolanensis -- Fantasie / de Francoys de Milan -- Fantasia / de Petro Paulo da Milano -- Fantasia / da Francesco da Milana -- Fantasie / de Pierre Paule Barron -- Paduana I -- Paduana -- Paduana III -- Paduana -- Paduana V -- Paduana VI -- Paduana VII -- Paduana VIII -- [untitled pavan] -- Paduana X -- Paduana XI -- Paduana -- Passa mezo a la batailla -- Passa mezo deuaccas -- Paduana -- Paduana duabus testud. -- Passa mezo -- Paduana -- Paduana -- Gailiarda I -- Galiarda II -- Galiarda III -- Galiarda IIII -- Galiarda V -- Galiarda VI -- Galiarda VII -- Galiarda VIII -- Galiarda IX -- Galiarda X -- Galiarda XI -- Galiarda XII -- [untitled galliard] -- Galiarda -- [untitled galliard] -- [untitled galliard] -- Galiarda -- Bourata -- Bourata -- Almanda -- Almanda -- Quatre branles -- Caracossa -- Romanescha.
=510  4\$aH.M. Brown, Instrumental Music Printed Before 1600: A Bibliography (Cambridge, MA: Harvard University Press, 1965),$cNo.1546₂₀.
=510  4\$aHenri Vanhulst, Catalogue des éditions de musique publiées à Louvain par Pierre Phalèse et ses fils 1545-1578 (Brussels: Palais des Académis, 1990),$cno. 3.
=510  4\$aRISM B/I,$c1546 ²⁸
=650  \0$aLute music
=650  \0$aTablature (Music)
=700  1\$aBaethen, Jacob,$dapproximately 1525- d. post 1557-$eprinter.
=700  1\$aBorrono, Pietro Paolo.$tLute music.$kSelections.
=700  1\$aPhalèse, Pierre,$dapproximately 1510-$eprinter.
=752  \\$aBelgium$dLouvain.$2lcsh/naf
=856  41$uhttp://purl.org/rism/BI/1546/28$yDigitised score
=859  \\$aXLD$bDCW
=852  4\$cDRT$jDigital Store Hirsch III.462.(4.)$aBritish Library$bMUSIC
=985  \\$aEarly Music Online project
=985  \\$aRecord amended for WR# 13/070
=985  \\$aname title to add
=985  \\$aCorrected by MS generated file for WR# 1805-0738
=CAT  \\$aBATCH-DCW$b00$c20171112$lBLL01$h0214
=CAT  \\$a1805-0738$c20190111$lBLL01$h1807
=CAT  \\$a1805-0738$b00$c20190111$lBLL01$h1828
=FIN  \\$aY$d20171112
=LKR  \\$aPAR$lBLL01$r776$b004263593$mCarminum pro testudine. in quo continentur excellentissima carmina, dicta paduana & galiarda /$nCarminum pro testudine. in quo continentur excellentissima carmina, dicta paduana & galiarda /
=DGM  \\$a004263593$bCatBridge variable field
=DRT  \\$aDCW
=SRC  \\$aDCW$bDCW_20171111
=OHC  \\$a1
=LAS  \\$a1805-0738$b00$c20190111$lBLL01$h1828

