=LDR  05716 cm a22008417  4500
=001  018600562
=003  Uk
=005  20171112021413.0
=007  cr\mn\024mpada
=008  930310s1546\\\\be\||z\\s\\\\\\\\\\\zxx\\
=FMT  \\$a  MU
=019  d\$acc08190069
=040  \\$aUk$beng$cUk
=041  \\$gfre
=042  \\$aukblsr
=082  14$a780$215
=245  04$aDes chansons reduictz en tabulature de luc à trois et quatre parties,$blivre deuxieme.
=264  \1$aLouvain :$bpar Piere Phaleys,$c1546.
=300  \\$a1 score ;$c18 x 22 cm (oblong 4º)
=336  \\$anotated music$2rdacontent
=337  \\$acomputer$2rdamedia
=338  \\$aonline$2rdacarrier
=340  \\$m4to$2rdabf
=500  \\$aAttributions taken from Henri Vanhulst, Catalogue des éditions de musique publiées à Louvain par Pierre Phalèse et ses fils 1545-1578 (Brussels: Palais des Académis, 1990), No.2b.
=500  \\$aCollection of pieces for solo lute in tablature, including preludes, fantasias, French chansons and Dutch and Spanish songs.
=500  \\$aCopy at Hirsch III.462.(2.). 56 leaves; paper dimensions: 167 x 207 mm.$5Uk
=500  \\$aCopy at Hirsch III.462.(2.). Digitised score at http://purl.org/rism/BI/1546/21.$5Uk
=500  \\$aNew edition of Carminum Quae chelys vel testudi ne canuntur, trium, quatuor et quinque partium liber secundus (Leuven: Phalèse, 1546), RISM 1546 ²⁰.
=500  \\$aSi mon malhuer is by either Le Peletier (Vanhulst) or Claudin de Sermisy. Je suys desherite is by either Johannes Lupi or Pierre Cadéac. Deul dobble duel is by either Nicolle des Celliers d'Hesdin or Johannes Lupi.
=500  \\$aTranscribed colophon: LOVANNI. / Ex officina Seruatii Zaffeni Diestensis, Anno / M.D. XLVI.
=500  \\$aTranscribed title page: Des chanson reduictz en Tabulatu / RE DE LUC A TROIS ET QVATRE PAR / TIES LIVRE DEVXIEME / A LOVVAIN / Par Piere Phaleys libraire, Lan de Grace M. D. XLVI.
=500  \\$aWith partial table of contents at the back and a woodcut of musicians on the title page.
=505  0\$aPraeludiu[m] -- Praeludiu[m] -- Fantasie -- Fantasie -- Fantasie -- Fantasie -- Fantasie -- Fantasie -- Fantasie -- Fantasie -- Fantasie -- Fortune lesse moy la vie -- Si jay pour vous -- Jay trop aymez -- Sebahist on -- Cest a grand tort -- Forsseulement -- Contre raison -- Mille regres -- Si mon malhuer -- Joyssance -- Je suys desherite -- En espoir -- Vray dieu -- Entre tous viellartz -- Tribulatie en verdriet -- Cest une dure partie -- Noch weet ic een scoon vroucen -- Pour avoir paix -- Pour ung plaisir -- Pa[s]eauase -- Si tantos halcones -- Si tantos halcones -- I la mi cinta -- Peysen ende trueren -- Il me souffit -- La belle mal maridada -- Deul dobble duel -- O combien en madoreus -- Le ceueur le corps -- Je ne desir aymer auter -- Den lustelike mey -- Elle le veult donc -- En poursuivant -- Pour tant si je suis brunette -- La bella franciscana -- Toutes les nuyt -- Revillez moy -- Hors envies retires vous -- Fortune alors -- Sur toutes la margarite -- Mertin menuit / claudin -- Martin menuyt / Jennequin -- Revillez vous cuer endormis (secunda pars: vous orres a mon advis; tertia pars: Rosignol du boys joly; quarta pars: Arriere maistre coquu) -- Bataille. Descendit uno tono (Secunda pars de la bataille).
=510  4\$aH.M. Brown, Instrumental Music Printed Before 1600: A Bibliography (Cambridge, MA: Harvard University Press, 1965),$cNo.1546 ₁₈.
=510  4\$aHenri Vanhulst, Catalogue des éditions de musique publiées à Louvain par Pierre Phalèse et ses fils 1545-1578 (Brussels: Palais des Académis, 1990),$cNo.2b.
=510  4\$aRISM B/I,$c1546 ²¹
=546  \\$aWith a preface in French.
=650  \0$aLute music
=650  \0$aTablature (Music)
=700  0\$aJosquin,$cdes Prez,$d-1521,$ecomposer.
=700  1\$aCadéac, Pierre,$ecomposer.
=700  1\$aCerton, Pierre,$d-1572,$ecomposer.
=700  1\$aChampion, Nicolas,$dapproximately 1480-1533,$ecomposer.
=700  1\$aCrecquillon, Thomas,$d-1557?,$ecomposer.
=700  1\$aFévin, Antoine de,$ecomposer.
=700  1\$aGarnier,$dactive 1538-42,$ecomposer.
=700  1\$aGombert, Nicolas,$dactive 16th century,$ecomposer.
=700  1\$aHesdin, Nicolle des Celliers d',$d-1538,$ecomposer.
=700  1\$aJanequin, Clément,$dapproximately 1495-approximately 1560,$ecomposer.
=700  1\$aLayolle, Francesco de,$d1492-approximately 1540,$ecomposer.
=700  1\$aLupi, Johannes,$d-1539,$ecomposer.
=700  1\$aNarváez, Luis de,$dactive 16th century,$ecomposer.
=700  1\$aPeletier, Jacques,$d1517-1582,$ecomposer.
=700  1\$aPhalèse, Pierre,$dapproximately 1510-$eprinter.
=700  1\$aSassen, S,$eprinter.
=700  1\$aSermisy, Claudin de,$dapproximately 1490-1562,$ecomposer.
=752  \\$aBelgium$dLouvain.$2lcsh/naf
=856  41$uhttp://purl.org/rism/BI/1546/21$yDigitised score
=859  \\$aXLD$bDCW
=852  4\$cDRT$jDigital Store Hirsch III.462.(2.)$aBritish Library$bMUSIC
=985  \\$aRecord amended for WR# 13/070
=985  \\$aname title to add
=985  \\$aCorrected by MS generated file for WR# 1805-0738
=CAT  \\$aBATCH-DCW$b00$c20171112$lBLL01$h0214
=CAT  \\$a1805-0738$c20190111$lBLL01$h1807
=CAT  \\$a1805-0738$b00$c20190111$lBLL01$h1828
=FIN  \\$aY$d20171112
=LKR  \\$aPAR$lBLL01$r776$b004263594$mDes chansons reduictz en tabulature de luc à trois et quatre parties, livre deuxieme.$nDes chansons reduictz en tabulature de luc à trois et quatre parties, livre deuxieme.
=DGM  \\$a004263594$bCatBridge variable field
=DRT  \\$aDCW
=SRC  \\$aDCW$bDCW_20171111
=OHC  \\$a1
=LAS  \\$a1805-0738$b00$c20190111$lBLL01$h1828

