=LDR  05745ccm a22008297  4500
=001  018600563
=003  Uk
=005  20230424143825.0
=007  cr\mn\024mpada
=008  930310s1547\\\\be\||z\\s\\\\\\\\\\\zxx\\
=FMT  \\$a  MU
=019  d\$acc08190070
=040  \\$aUk$beng$cUk
=041  \\$gfre
=042  \\$aukblsr
=082  14$a780$215
=245  00$aDes chansons reduictz en tabulature de lut à deux, trois, et quatre parties :$bavec une briefue & familiaire introduction pour entendre & apprendre par soy mesmes à iouer dudict lut, livre premier.
=264  \1$aLouvain :$bPar Pierre de Phaleys,$c1547.
=300  \\$a1 score ;$c18 x 22 cm (oblong 4º)
=336  \\$anotated music$2rdacontent
=337  \\$acomputer$2rdamedia
=338  \\$aonline$2rdacarrier
=340  \\$m4to$2rdabf
=500  \\$a'Amys souffrez' is by either Pierre Moulu or Heinrich Isaac. 'Cest donc par moy' is by either le petit Ninot or Adrian Willaert. Attributions taken from Henri Vanhulst, Catalogue des éditions de musique publiées à Louvain par Pierre Phalèse et ses fils 1545-1578 (Brussels: Palais des Académis, 1990), No.4b.
=500  \\$aCollection of pieces for solo lute in tablature, including preludes, rondes, French chansons and Dutch songs.
=500  \\$aColophon: LOVANII / Ex officina Jacobi Batii typographi jurati, & à Caes. Ma. admiss. / Anno domini M. D. XLVII.
=500  \\$aCopy at Hirsch III.462.(1.). 32 leaves; paper dimensions: 167 x 207 mm.
=500  \\$aCopy at Hirsch III.462.(1.). Digitised score at http://purl.org/rism/BI/1547/20.$5Uk
=500  \\$aNew edition of Carminum quae Chely vel testudine ca nuntur, duarum, trium, et quatuor partium, Liber Primus (Leuven: Phalèse, 1547), RISM 1547 ¹⁹.
=500  \\$aTranscribed title page: Des cha[n]sons Reduictz en Tablature de / LVT A DEVX, TROIS, ET QVATRE PARTIES. / Auec une briefue & familiaire Introduction pour entendre & apprendre par / soy mesmes à iouer dudict Lut, / Liure premier. / A Louuain par Pierre de Phaleys libraire iure / Lan M. D. XLVII. / Auec Grace & Priuilege.
=500  \\$aWith woodcuts of musicians on the title page and a lute on back page.
=505  0\$aPraeludium -- Praeludium -- Praeludium -- Praeludium -- Praeludium -- Praeludium -- Die lustlycke Mey -- Jay mis mon cueur -- Damour je suis desherite -- Amour vault trop -- Dolent depart -- Ces facheux sotz -- Il me souffit -- Dont vient cela -- Le cueur est bon -- Tous mes amys -- Languir mi -- Amys souffrez -- Een vrolick Wesen -- Languir mi fault -- Tant que vivray -- Cest donc par moy -- Du bon du cueur -- Miin hert heeft altiit verlangen -- Miins liefkens bruyn ooghen -- Il me souffit -- Helas amy -- Aupres de vous -- Ick seg adieu -- Ung gay bergier -- Le content est riche -- Plourez mes yeulx -- Jamais naymeray masson -- Pour ung petit coup -- Sur tous regres -- Tant que vivray -- Het is soe goeden dinck -- Or sus a coup -- Grace & vertu -- De mon triste -- Cest grand plaisir -- Gequest ben ick -- Quant je cogneu. la responce de helas amy -- Roude -- Ronde.
=510  4\$aH.M. Brown, Instrumental Music Printed Before 1600: A Bibliography (Cambridge, MA: Harvard University Press, 1965),$cNo.15477.
=510  4\$aHenri Vanhulst, Catalogue des éditions de musique publiées à Louvain par Pierre Phalèse et ses fils 1545-1578 (Brussels: Palais des Académis, 1990),$cNo.4b.
=510  4\$aRISM B/I,$c1547 ²⁰
=546  \\$aIntroduction to lute playing and printer's privilege in French.
=650  \0$aLute music
=650  \0$aTablature (Music)
=700  0\$aNinot,$cle Petit,$ecomposer.
=700  0\$aSandrin,$dactive 1538-1561,$ecomposer.
=700  1\$aBaethen, Jacob,$dapproximately 1525- approximately 1557,$eprinter.
=700  1\$aBarbireau, Jacques,$d-1491,$ecomposer.
=700  1\$aCrecquillon, Thomas,$d-1557?,$ecomposer.
=700  1\$aGerle, Hans,$dapproximately 1500-1570,$ecomposer.
=700  1\$aIsaac, Heinrich,$dapproximately 1450-1517,$ecomposer.
=700  1\$aMoulu, Pierre,$ecomposer.
=700  1\$aPhalèse, Pierre,$dapproximately 1510-$eprinter.
=700  1\$aPipelare, Matthaeus,$dapproximately 1450-approximately 1515,$ecomposer.
=700  1\$aRichafort, Jean,$dactive 1507-1548,$ecomposer.
=700  1\$aRoquelay,$dactive 1529-1536,$ecomposer.
=700  1\$aSermisy, Claudin de,$dapproximately 1490-1562,$ecomposer.
=700  1\$aWillaert, Adrian,$d1490?-1562,$ecomposer.
=752  \\$aBelgium$dLouvain$2lcsh/naf
=856  41$uhttp://purl.org/rism/BI/1547/20$yDigitised score
=859  \\$aXLD$bDCW
=852  4\$cDRT$jDigital Store Hirsch III.462.(1.)$aBritish Library$bMUSIC
=985  \\$aEarly Music Online project
=985  \\$aRecord amended for WR# 13/070
=985  \\$aname title to add
=985  \\$aCorrected by MS generated file for WR# 1805-0738
=CAT  \\$aBATCH-DCW$b00$c20171112$lBLL01$h0214
=CAT  \\$a1805-0738$c20190111$lBLL01$h1807
=CAT  \\$a1805-0738$b00$c20190111$lBLL01$h1828
=CAT  \\$aBATCH-UPD$b00$c20190607$lBLL01$h2046
=CAT  \\$aMFISHER$b40$c20230424$lBLL01$h1438
=FIN  \\$aY$d20171112
=LKR  \\$aPAR$lBLL01$r776$b004263595$mDes chansons reduictz en tabulature de lut à deux, trois, et quatre parties : avec une briefue & familiaire introduction pour entendre & apprendre par soy mesmes à iouer dudict lut, livre premier.$nDes chansons reduictz en tabulature de lut à deux, trois, et quatre parties : avec une briefue & familiaire introduction pour entendre & apprendre par soy mesmes à iouer dudict lut, livre premier.
=DGM  \\$a004263595$bCatBridge variable field
=DRT  \\$aDCW
=SRC  \\$aDCW$bDCW_20171111
=OHC  \\$a1
=LAS  \\$aMFISHER$b40$c20230424$lBLL01$h1438

