=LDR  05515 cm a22008897  4500
=001  018600564
=003  Uk
=005  20171112021413.0
=007  cr\mn\024mpada
=008  930310s1547\\\\be\||z\\s\\\\\\\\\\\zxx\\
=FMT  \\$a  MU
=019  d\$acc08190071
=019  d\$agh00540001
=040  \\$aUk$beng$cUk
=041  \\$glat
=042  \\$aukblsr
=082  04$a787.83$223
=245  04$aDes chansons & motetz reduictz en tablature de luc, à quatre, cincque et six parties :$blivre troixiesme /$cComposees par le excellent maistre Pierre de Teghi Paduan.
=264  \1$aLouvain :$bPar Piere Phaleys,$c1547.
=300  \\$a1 score ;$c18 x 22 cm (oblong 4º)
=336  \\$anotated music$2rdacontent
=337  \\$acomputer$2rdamedia
=338  \\$aonline$2rdacarrier
=340  \\$m4to$2rdabf
=500  \\$aCollection of chansons and motets arranged for solo lute in tablature.
=500  \\$aCopy at Hirsch III.462.(3.). 36 leaves; paper dimensions: 167 x 207 mm.$5Uk
=500  \\$aCopy at Hirsch III.462.(3.). Digitised score at http://purl.org/rism/BI/1547/23.$5Uk
=500  \\$aHierusalem Juge is by either Jean Richafort or Lupus Hellinck.
=500  \\$aThese pieces are intabulations of other composers' works made by Pierre de Teghi. The attributions (and additional identifications of some secunda pars) are taken from Henri Vanhulst, Catalogue des éditions de musique publiées à Louvain par Pierre Phalèse et ses fils 1545-1578 (Brussels: Palais des Académis, 1990), No.5a.
=500  \\$aTranscribed colophon: LOVANII / Excedebat Iacobus Batius, typographus iuratus, & à Caes. Maies. / admissus. M. D. XLVII.
=500  \\$aTranscribed title page: Des Chansons & Motetz Reduictz en / TANVLATVRE DE LVC, A QVATRE, CINQVE ET / SIX PARTIES, LIVRE TROIXIESME. / Composees par le excellent maistre PIERRE DI TEGHI Paduan. / La table uous trouuerez au dernier feullet. / A LOVVAIN, / Par Piere Phaleys, nel an de Grace / M. D. XLVII. / Auec Grace & priuilege a troix ans.
=500  \\$aWith table of contents at the back, and woodcuts of musicians on the title page and a lute on back page.
=505  0\$aJe prens en gre -- Damour me plains -- Vous perdez tamps -- Tel en mesdict -- Si mon travail -- Le deul yssu -- Il estoit une fiellette -- Ung gay bergiere -- Jay veu que jestois franc -- Je ne puis bonnement penser -- Doulce memoire. Decendat bassus uno tono -- Fini le bien -- Aime aime -- Queramus cum pastoribus (secunda pars: Ubi pascas ubi cubes) -- Ave sanctissima A 4 -- Si bona suscepimus. A5. -- Hierusalem Juge. A5. (secunda pars: Deduc quasi torre[nte]. A 5. Descendat bassus) -- Pater noster A 6 (secunda pars: Ave Maria A 6) -- Benedicta A 6 (secunda pars: Per illud ave; tertia pars: Nunc mater).
=510  4\$aH.M. Brown, Instrumental Music Printed Before 1600: A Bibliography (Cambridge, MA: Harvard University Press, 1965),$cNo.1547₉
=510  4\$aHenri Vanhulst, Catalogue des éditions de musique publiées à Louvain par Pierre Phalèse et ses fils 1545-1578 (Brussels: Palais des Académis, 1990),$cNo.5a.
=510  4\$aRISM B/I,$c1547 ²³
=546  \\$aWith the printer's privilege in Latin.
=650  \0$aLute music
=650  \0$aTablature (Music)
=700  0\$aJosquin,$cdes Prez,$d-1521,$ecomposer.
=700  0\$aSandrin,$dactive 1538-1561,$ecomposer.
=700  1\$aArcadelt, Jacob,$dapproximately 1505-1568,$ecomposer.
=700  1\$aBaethen, Jacob,$dapproximately 1525-after 1557,$eprinter.
=700  1\$aCerton, Pierre,$d-1572,$ecomposer.
=700  1\$aClemens non Papa, Jacobus,$dapproximately 1510-approximately 1555,$ecomposer.
=700  1\$aCrecquillon, Thomas,$d-1557?,$ecomposer.
=700  1\$aGombert, Nicolas,$dactive 16th century,$ecomposer.
=700  1\$aHellinck, Lupus,$d-1541,$ecomposer.
=700  1\$aJanequin, Clément,$dapproximately 1495-approximately 1560,$ecomposer.
=700  1\$aMittantier,$dactive 1536-1547,$ecomposer.
=700  1\$aMouton, Jean,$ecomposer.
=700  1\$aPathie, Rogier,$dapproximately 1510-after 1564,$ecomposer.
=700  1\$aPhalèse, Pierre,$dapproximately 1510-$eprinter.
=700  1\$aRichafort, Jean,$dactive 1507-1548,$ecomposer.
=700  1\$aSermisy, Claudin de,$dapproximately 1490-1562,$ecomposer.
=700  1\$aTeghi, Pierre de,$earranger of music.
=700  1\$aVerdelot, Philippe,$d-approximately 1565,$ecomposer.
=700  1\$aVilliers, Pierre de,$dactive 16th century,$ecomposer.
=752  \\$aBelgium$dLouvain$2lcsh/naf
=856  41$uhttp://purl.org/rism/BI/1547/23$yDigitised score
=859  \\$aXLD$bDCW
=852  4\$cDRT$jDigital Store Hirsch III.462.(3.)$aBritish Library$bMUSIC
=985  \\$aEarly Music Online project
=985  \\$aMerged with 004696207, 12/1/2016
=985  \\$aRecord amended for WR# 13/070
=985  \\$aname title to add
=985  \\$aCorrected by MS generated file for WR# 1805-0738
=CAT  \\$aBATCH-DCW$b00$c20171112$lBLL01$h0214
=CAT  \\$a1805-0738$c20190111$lBLL01$h1807
=CAT  \\$a1805-0738$b00$c20190111$lBLL01$h1828
=FIN  \\$aY$d20171112
=LKR  \\$aPAR$lBLL01$r776$b004263596$mDes chansons & motetz reduictz en tablature de luc, à quatre, cincque et six parties : livre troixiesme /$nDes chansons & motetz reduictz en tablature de luc, à quatre, cincque et six parties : livre troixiesme /
=DGM  \\$a004263596$bCatBridge variable field
=DRT  \\$aDCW
=SRC  \\$aDCW$bDCW_20171111
=OHC  \\$a1
=LAS  \\$a1805-0738$b00$c20190111$lBLL01$h1828

