=LDR  07476 cm a22008777  4500
=001  018600565
=003  Uk
=005  20171112021413.0
=007  cr\mn\024mpada
=008  930316s1592\\\\it\||n\\s\\\\\\\\\\\ita\\
=FMT  \\$a  MU
=019  d\$ach18300001
=040  \\$aUk$beng$cUk
=041  \\$aita
=042  \\$aukblsr
=082  14$a780$215
=245  00$aDialoghi musicali /$cde diversi eccellentissimi autori, a sette, otto, nove, dieci, undeci, & dodeci voci, novamente posti in luce. Con due battaglie a otto voci, per sonar de istrumenti da fiato, di Annibale Podoano, & di A. Gabrieli.
=264  \1$aIn Venetia :$bAppresso Angelo Gardano,$cMDLXXXXII [1592]
=300  \\$a12 part books ;$c27 x 22 cm (4º)
=336  \\$anotated music$2rdacontent
=337  \\$acomputer$2rdamedia
=338  \\$aonline$2rdacarrier
=340  \\$m4to$2rdabf
=500  \\$aCollection of Italian secular vocal pieces in 7-12 parts for two choirs, with table of contents at the back.
=500  \\$aCopy at E.14. ALTO (36 leaves), QVINTO (36 leaves); original foliation: [1], 2-71, [72] in each part book; paper dimensions: 258 x 184 mm; (Alto) 246 x 175 mm (Quinto).$5Uk
=500  \\$aCopy at E.14. Digitised score at http://purl.org/rism/BI/1592/10.$5Uk
=500  \\$aThe Alto and Quinto part books contain Canto Secondo parts for certain pieces.
=500  \\$aTranscribed title page from alto part book: DIALOGHI MVSICALI / DE DIVERSI ECCELLEN / TISSIMI AVTORI, / A Sette, Otto, Noue, Dieci, Vndeci, & Dodeci voci, / Nouamente posti in luce. / CON DVE BATTAGLIE A OTTO VOCI, / Per sonar de Istrumenti da Fiato, di Annibale Podoano, / & di Andrea Gabrieli, già Organisti della / Serenissima Signoria di Venetia / in San Marco. / CON PRIVILEGIO. / In Venetia Appresso Angelo Gardano. / M. D. LXXXXII.
=505  0\$aBella Clori che fei (seconda parte: Cosi il Pastor dicea) / Filippo di Monte -- Lucilla io vuò morire / Alessandro Orologio -- Che nuovo e vago sol / Giaches Vvert -- Ditemi vita mia / Orlando Lasso -- Alma se stata fossi / Bartolomeo Spontone -- Come viver potrò / Giaches Vvert -- Tirsi morir volea / Giaches Vvert -- Stolto mio core / Filippo di Monte -- Con quel poco di spirto che l'avanza / Giaches Vvert -- Rallegratevi homai (seconda parte: E per dar segno a voi di ciò piu chiaro) / Alessandro Striggio -- Ch'io scriva di costei / Bartolomeo Spontone -- Onde aviene cor mio / Giaches Vvert -- Stavasi Aminta / Horatio Vecchi -- Lungo le rive del famoso Tebro / Giaches Vvert -- Facciansi lieti quanti (seconda parte: Hor vi torni il diletto) / Hippolito Sabino -- Mentr'io veggio apparir la lucid'alba / Hippolito Sabino -- Non rumor di tamburri / Vicenzo Bell'haver -- Donna l'imagin vostra / Ludovico Balbi -- La vaga Pastorella / Teodoro Riccio -- Che fai alma che pensi? / Orlando Lasso -- Ond'avien che di lagrim' & di pianto / Horatio Vecchi -- Donne vaghe e leggiadre / Gio. Maria Nanino -- Donne la pure luce / Rugger Giovanelli -- Vezzosa Filli il tuo leggiadr'aspetto / Andrea Gabrieli -- Tutto lo dì mi dici / Orlando Lasso -- O che felice giorno / Gio. Gabrieli -- Noi siamo Ninfe belle / Constanzo Porta -- Su su lieti (seconda parte: E tutti qui d'intorno) / Horatio Vecchi -- O tu che fra le selve / Luca Marenzio -- O la o che bon Echo / Orlando Lasso --
=505  0\$aOcchi che fia di voi / Claudio da Correggio -- Dormiva dolcemente la mia Clori / Giovanni Gabrieli -- Voi volete ch'io mora / Costanzo Porta -- Qual canzon ti debb'io Cantar Tirsi cor mio / Alfonso Preti -- All'apparir della leggiadra figlia / Alessandro Striggio -- Vieni Himeneo / Andrea Gabrieli -- S'una fed'amorosa / Orlando Lasso -- Se'l pensier che mi strugge / Luca Marenzio -- Perche mi segui ancora / Marc'Antonio Ingegneri -- Cantiam lieti cantiamo / Gio. Giacomo Gastoldi -- Aria da sonar. Fuggi pur se fai / Gio. Gabrieli -- Aria da sonar. Chiar'Angioletta / Gio. Gabrieli -- Aria della Battaglia per sonar d'istrume[n]ti da Fiato / Annibale Padoano -- Aria della Battaglia per sonar d'istrume[n]ti da Fiato / Andrea Gabrieli -- Ninfe leggiadr'e belle / Hippolyto Baccusi -- Donne il celeste lume / Luca Marenzio -- Era nell'imbrunir che'l bel sereno / Filippo di Monte -- O giovenil ardire / Alessandro Striggio -- Passan vostri trionphi / Orlando Lasso -- Deh perch'amor chi voi con pari affetto / Filippo di Monte -- Valle profonda i miei lamenti sentonsi / Orlando Lasso -- Tre gratiosi Amanti / Lelio Bertani -- O passi sparsi / Alessandro Striggio -- Amor dove mi guidi? / Gio. Gabrieli -- Ecco rident'a noi la vaga Aurora / Horatio Vecchi -- Com'al vago apparir di Primavera / Horatio Vecchi -- Cantiamo Ninfe i mal graditi ardori / Horatio Vecchi -- Cantiam di Dio (seconda parte: In Dio sol vera pace il mo[n]do prova) / Andrea Gabrieli.
=510  4\$aAgee, Richard J., The Gardano Music Printing Firms, 1569-1611 (Woodbridge: University of Rochester Press, 1998).
=510  4\$aRISM B/I,$c1592 ¹⁰
=546  \\$aItalian words.
=650  \0$aVocal ensembles$y16th century$vParts.
=700  0\$aAnnibale,$cPadovano,$d1527-1575,$ecomposer.
=700  1\$aBaccusi, Ippolito,$dapproximately 1540-1609,$ecomposer.
=700  1\$aBalbi, Lodovico,$dapproximately 1545-approximately 1604,$ecomposer.
=700  1\$aBell'haver, Vincenzo,$d1530-1587,$ecomposer.
=700  1\$aBertani, Lelio,$dapproximately 1550-approximately 1620,$ecomposer.
=700  1\$aGabrieli, Andrea,$dapproximately 1533-1585,$ecomposer.
=700  1\$aGabrieli, Giovanni,$dapproximately 1554-1612,$ecomposer.
=700  1\$aGardano, Angelo,$d1540-1611,$eprinter.
=700  1\$aGastoldi, Giovanni Giacomo,$dactive 1582-1609,$ecomposer.
=700  1\$aGiovannelli, Ruggiero,$dapproximately 1560-1625,$ecomposer.
=700  1\$aIngegneri, Marc Antonio,$d1535 or 1536-1592,$ecomposer.
=700  1\$aLasso, Orlando di,$d1532-1594,$ecomposer.
=700  1\$aMarenzio, Luca,$d1553-1599,$ecomposer.
=700  1\$aMerulo, Claudio,$d1533-1604,$ecomposer.
=700  1\$aMonte, Philippe de,$d1521-1603,$ecomposer.
=700  1\$aNanino, Giovanni Maria,$d1543 or 1544-1607,$ecomposer.
=700  1\$aOrologio, Alessandro,$dapproximately 1550-1633?,$ecomposer.
=700  1\$aPorta, Costanzo,$d1528 or 1529-1601,$ecomposer.
=700  1\$aPreti, Alfonso,$dactive 1586-92,$ecomposer.
=700  1\$aRiccio, Teodoro,$dapproximately 1540-approximately 1600,$ecomposer.
=700  1\$aSabino, Ippolito,$dapproximately 1550-1593,$ecomposer.
=700  1\$aSpontone, Bartolomeo,$d1530-1592,$ecomposer.
=700  1\$aStriggio, Alessandro,$d1536 or 1537-1592,$ecomposer.
=700  1\$aVecchi, Orazio,$d1550-1605,$ecomposer.
=700  1\$aWert, Giaches de,$d1535-1596,$ecomposer.
=752  \\$aItaly$dVenice.$2lcsh/naf
=856  41$uhttp://purl.org/rism/BI/1592/10$yDigitised score
=859  \\$aXLD$bDCW
=852  4\$cDRT$jDigital Store E.14.$aBritish Library$bMUSIC
=985  \\$aRecord amended for WR# 13/070
=985  \\$aname title to add
=985  \\$aCorrected by MS generated file for WR# 1805-0738
=CAT  \\$aBATCH-DCW$b00$c20171112$lBLL01$h0214
=CAT  \\$a1805-0738$c20190111$lBLL01$h1807
=CAT  \\$a1805-0738$b00$c20190111$lBLL01$h1828
=FIN  \\$aY$d20171112
=LKR  \\$aPAR$lBLL01$r776$b004304501$mDialoghi musicali /$nDialoghi musicali /
=DGM  \\$a004304501$bCatBridge variable field
=DRT  \\$aDCW
=SRC  \\$aDCW$bDCW_20171111
=OHC  \\$a1
=LAS  \\$a1805-0738$b00$c20190111$lBLL01$h1828

