=LDR  06002 cm a22007817  4500
=001  018600566
=003  Uk
=005  20171112021413.0
=007  cr\mn\024mpada
=008  930317s1584\\\\it\||z\\s\\\\\\\\\\\ita\\
=FMT  \\$a  MU
=019  d\$ada09380001
=040  \\$aUk$beng$cUk
=041  \\$aita
=042  \\$aukblsr
=082  14$a780$215
=100  1\$aFallamero, Gabriele,$dactive 1584.
=240  10$aIntavolatura da liuto,$nbook 1
=245  13$aIl libro primo de intavolatura da liuto,$bde motetti ricercate madrigali, et canzonette alla napolitana, à tre, et quattro voci, per cantare, et sonare /$ccomposte per Gabriel Fallamero gentilhuomo Allessandrino, novamente posto in luce.
=264  \1$aIn Vinegia :$bAppresso l'herede di Girolamo Scotto,$cMDLXXXIIII [1584]
=300  \\$a1 part book ;$c16 x 22 cm (oblong 4º)
=336  \\$anotated music$2rdacontent
=337  \\$acomputer$2rdamedia
=338  \\$aonline$2rdacarrier
=340  \\$m4to$2rdabf
=500  \\$aCollection of music for lute in tablature with table of contents. The book has three sections, the first and last for solo lute and the second (from 'Livia gentil' to 'Mentre io campai contento') for lute and voice.
=500  \\$aCopy at Hirsch III.192. 39 leaves; original pagination: [1-3], 4-73, 47, 75-78; paper dimensions: 157 x 220 mm.$5Uk
=500  \\$aCopy at Hirsch III.192. Digitised score at http://purl.org/rism/BI/1584/13.$5Uk
=500  \\$aTranscribed title page: IL PRIMO LIBRO DE INTAVOLATVRA / DA LIVTO, DE MOTETTI RICERCATE MADRIGALI, / ET CANZONETTE ALLA NAPOLITANA, A TRE, ET QVATTRO VOCI, PER CANTARE, ET / Sonare composte per Gabriel Fallamero Gentilhuomo Allessandrino, / NOVAMENTE POSTO IN LVCE. / IN VINEGIA. / Appreßo l'Herede di Girolamo Scotto. / M D LXXXIIII.
=505  0\$aIn me tanto l'ardore a4 / Filippo de Monte -- Apariran per me le stelle in cielo a4 / Rolando -- La Ver l'aurora a5 / Rolando -- Tirsi morir volea a5 / Luca Marentio -- Madona mia gentile a5 / Marentio -- Ma di chi debo lamentarmi a4 / Rufo -- Sapi Signor che Lilia son io a5 / Vinci -- Per pianto la mia carne se distilla a4 / Rolando -- Quando la sera scai a il chiaro giorno a5 / Rolando -- Liquide perle amor a5 / Luca Marentio -- Partiro donque a5 / Marentio -- Fera gentil (seconda parte: Perche si streto il nodo) a5 / Cipriano -- Cantati hor piango (seconda parte: Tengan donque ver me) a5 / Rolando -- Mentre la bella Dori a6 / Andrea Gabrieli -- Non ti sdegnar a6 / Andrea Gabrielli -- Io mi son giovenetta a4 / Ferraboscho -- Livia gentil -- Poi che sei cosi sorte -- Preso son io -- Canzonette d'amore -- S'all'aparir di voi fulgente stella -- Voria madonna fare -- O faccia che rallegri il Paradiso -- Siate avertiti -- Occhi leggiadri e cari -- Amanti miei poi che scontenti state -- Io son bell'e delicata -- Vorria saper da voi -- Chi mira gl'occhi tuoi -- Io son fenice -- Nel vago lume -- Viver non posso senz'il mio bel sole -- Gridate guerra inamorati -- Amor se giusto sei com'alcun credde -- Io vo morir non sia alcun -- Mentre io campai contento -- Standomi un giorno solo alla finestra (seconda parte: Indi per altro mar) (terza parte: In un boschetto) (quarta parte: Chiara fontana) (quinta parte: Una strana Fenice) (sesta parte: Al fin vid io a6) a5 / Rolando -- Si dolce damar voi a5 / Strigio -- Dolce mio ben amor mio caro a6 / Strigio -- Animam meam dilectam (seconda parte: Congregamini) a5 / Rolando -- Recercar del terzo tono / Anibal Padovano -- Recercar del ottavo tono / Anibal Padovano -- I dolci coli (seconda parte: Et qual Cervo ferito di saeta) a6 / Strigio -- Anchor ch'io possa a6 / Strigio -- Nasce la pena mia a6 / Strigio -- [Anchor che col partir].
=510  4\$aH.M. Brown, Instrumental Music Printed Before 1600: A Bibliography (Cambridge, Mass., 1965),$cno. 1584/3.
=510  4\$aRISM B/I,$c1584 ¹³
=546  \\$aItalian words.
=650  \0$aIntabulations (Lute).
=650  \0$aLute music.
=650  \0$aVocal ensembles.
=700  0\$aAnnibale,$cPadovano,$d1527-1575,$ecomposer.
=700  1\$aFallamero, Gabriele,$dactive 1584,$ecompiler.
=700  1\$aFerrabosco, Domenico Maria,$d1513-1574,$ecomposer.
=700  1\$aFiorino, Gasparo,$dactive 1571-4,$ecomposer.
=700  1\$aGabrieli, Andrea,$dapproximately 1533-1585,$ecomposer.
=700  1\$aLasso, Orlando di,$d1532-1594,$ecomposer.
=700  1\$aMarenzio, Luca,$d1553-1599,$ecomposer.
=700  1\$aMonte, Philippe de,$d1521-1603,$ecomposer.
=700  1\$aPozza, Livia Guasca,$ededicatee.
=700  1\$aRore, Cipriano de,$d1515 or 1516-1565,$ecomposer.
=700  1\$aRuffo, Vincenzo,$dapproximately 1508-1587,$ecomposer.
=700  1\$aScotto, Melchiorre,$dapproximately 1540-1613,$eprinter.
=700  1\$aStriggio, Alessandro,$d1536 or 1537-1592,$ecomposer.
=700  1\$aVecchi, Orazio,$d1550-1605,$ecomposer.
=700  1\$aVinci, Pietro,$dapproximately 1535-1584,$ecomposer.
=752  \\$aItaly$dVenice.$2lcsh/naf
=856  41$uhttp://purl.org/rism/BI/1584/13$yDigitised score
=859  \\$aXLD$bDCW
=852  4\$cDRT$jDigital Store Hirsch III.192.$aBritish Library$bMUSIC
=985  \\$aRecord amended for WR# 13/070
=985  \\$aname title to add
=985  \\$aCorrected by MS generated file for WR# 1805-0738
=CAT  \\$aBATCH-DCW$b00$c20171112$lBLL01$h0214
=CAT  \\$a1805-0738$c20190111$lBLL01$h1807
=CAT  \\$a1805-0738$b00$c20190111$lBLL01$h1828
=FIN  \\$aY$d20171112
=LKR  \\$aPAR$lBLL01$r776$b004330668$mIl libro primo de intavolatura da liuto, de motetti ricercate madrigali, et canzonette alla napolitana, à tre, et quattro voci, per cantare, et sonare /$nIl libro primo de intavolatura da liuto, de motetti ricercate madrigali, et canzonette alla napolitana, à tre, et quattro voci, per cantare, et sonare /
=DGM  \\$a004330668$bCatBridge variable field
=DRT  \\$aDCW
=SRC  \\$aDCW$bDCW_20171111
=OHC  \\$a1
=LAS  \\$a1805-0738$b00$c20190111$lBLL01$h1828

