=LDR  04320 cm a22006497  4500
=001  018600567
=003  Uk
=005  20171112021413.0
=007  cr\mn\024mpada
=008  930317s1590\\\\it\||z\\s\\\\\\\\\\\lat\\
=FMT  \\$a  MU
=019  d\$ada16160001
=040  \\$aUk$beng$cUk
=041  \\$alat
=042  \\$aukblsr
=082  14$a780$215
=245  00$aAndrea Felicianis senensis in metropolitana senarum Ecclesia vocis cantus[que] magistri.$bBrevis ac juxtum ritum Ecclesiae annua psalmodia ad vespertinas horas octo canenda vocibus. Cantus primus chorus.
=264  \1$aVenetijs :$bApud Angelum Gardanum,$cMDLXXXX [1590]
=300  \\$a8 part books ;$c24 x 18 cm (4º)
=336  \\$anotated music$2rdacontent
=337  \\$acomputer$2rdamedia
=338  \\$aonline$2rdacarrier
=340  \\$m4to$2rdabf
=500  \\$aAndrea Feliciani's name is given only on the title page and dedication.
=500  \\$aCollection of psalms for Vespers in eight parts (two choirs) with index.
=500  \\$aCopy at D.37. CANTVS Primus Chorus (16 leaves), CANTVS Secundus Chorus (16 leaves), BASSVS Secundus Chorus (16 leaves); original pagination: Cantus primus, Cantus secundus, Bassus secundus: [1-2] 1-28 [29-30]; paper dimensions: 222 x 163 mm.$5Uk
=500  \\$aCopy at D.37. Digitised score at http://purl.org/rism/BI/1590/9.$5Uk
=500  \\$aTranscribed title page from Cantus primus chorus part book: ANDREAE FELI- / CIANI SENENSIS / IN METROPOLITANA / Senarum Ecclesia vocis / cantus[que] Magistri / Breuis ac iuxtam ritum Ecclesiae Annua Psal- / modia ad Vespertinas horas Octo / Canenda Vocibus. / Venetijs Apud Angleum Gardanum / M. D. LXXXX.
=505  0\$aDixit Dominus Domino meo / Andreas Felicianus -- Confitebor tibi Domine in toto corde meo / Andreas Felicianus -- Beatus vir qui timet Dominum / Andreas Felicianus -- Laudate pueri Dominum laudate noemen Domini / Andreas Felicianus -- In exitu Israel de Aegypto / Andreas Felicianus -- Laudate Dominum omnes gentes / Andreas Felicianus -- Laetatus sum in his qu[ae] dicta sunt mihi / Andreas Felicianus -- Nisi Dominus aedificaverit domum / Andreas Felicianus -- Lauda Hierusalem Dominum / Andreas Felicianus -- De profundis clamavi ad te Domine / Andreas Felicianus -- Memento Domine David & omnis mansuetudinis euis / Andreas Felicianus -- Credidi propter quod locutus sum / Andreas Felicianus -- Domine probasti me & cognovisti me / Andreas Felicianus -- Beati omnes qui timent Dominum / Franciscus Bianciardus -- Confitebor tibi Domine in toto corde meo / Bernardinus Dragus.
=510  4\$aFrank A. D'Accone, The Civic Muse: Music and Musicians in Siena During the Middle Ages and the Renaissance (Chicago: University of Chicago Press, 1997),$cpp.365, 705.
=510  4\$aRISM B/I,$c1590 ⁹
=546  \\$aLatin words.
=650  \0$aPsalms (Music)$vParts.
=650  \0$aVespers (Music)$vParts.
=700  1\$aBianciardi, Francesco,$d1572?-1607,$ecomposer.
=700  1\$aBorghesi, Camillo,$ededicatee.
=700  1\$aDrago, Bernardo,$ecomposer.
=700  1\$aFeliciani, Andrea,$d-1596,$ecomposer.
=700  1\$aGardano, Angelo,$d1540-1611,$eprinter.
=752  \\$aItaly$dVenice.$2lcsh/naf
=856  41$uhttp://purl.org/rism/BI/1590/9$yDigitised score
=859  \\$aXLD$bDCW
=852  4\$cDRT$jDigital Store D.37.$aBritish Library$bMUSIC
=985  \\$aEarly Music Online project
=985  \\$aRecord amended for WR# 13/070
=985  \\$aname title to add
=985  \\$aCorrected by MS generated file for WR# 1805-0738
=CAT  \\$aBATCH-DCW$b00$c20171112$lBLL01$h0214
=CAT  \\$a1805-0738$c20190111$lBLL01$h1807
=CAT  \\$a1805-0738$b00$c20190111$lBLL01$h1828
=FIN  \\$aY$d20171112
=LKR  \\$aPAR$lBLL01$r776$b004334054$mAndrea Felicianis senensis in metropolitana senarum Ecclesia vocis cantus[que] magistri. Brevis ac juxtum ritum Ecclesiae annua psalmodia ad vespertinas horas octo canenda vocibus. Cantus primus chorus.$nAndrea Felicianis senensis in metropolitana senarum Ecclesia vocis cantus[que] magistri. Brevis ac juxtum ritum Ecclesiae annua psalmodia ad vespertinas horas octo canenda vocibus. Cantus primus chorus.
=DGM  \\$a004334054$bCatBridge variable field
=DRT  \\$aDCW
=SRC  \\$aDCW$bDCW_20171111
=OHC  \\$a1
=LAS  \\$a1805-0738$b00$c20190111$lBLL01$h1828

