=LDR  03504 cm a2200697 a 4500
=001  018600568
=003  Uk
=005  20171112021413.0
=007  cr\mn\024mpada
=008  930317s1546\\\\it\||z\\s\\\\\\\\\\\zxx\\
=FMT  \\$a  MU
=019  d\$adc21900004
=040  \\$aUk$beng$cUk
=042  \\$aukblsr
=082  14$a780$215
=100  0\$aFrancesco,$cda Milano,$d1497-1543.
=240  10$aLute music.$kSelections
=245  10$aIntabolatura de lauto.$nLibro primo :$bnovamente ristampata /$cdi Francesco da Milano.
=264  \1$aIn Venetia :$bApresso di Antonio Gardane,$cMDXXXXVI [1546]
=300  \\$a[40] pages of music ;$c15 x 22 cm (oblong 4º)
=336  \\$anotated music$2rdacontent
=337  \\$acomputer$2rdamedia
=338  \\$aonline$2rdacarrier
=340  \\$m4to$2rdabf
=500  \\$aCollection of music for lute in tablature.
=500  \\$aCopy at K.1.c.12. 20 leaves; each piece or part bears a number: 1-7, 7 (sic), 9-17; paper dimensions: 145 x 210 mm.$5Uk
=500  \\$aCopy at K.1.c.12. Digitised score at http://purl.org/rism/BI/1546/27.$5Uk
=500  \\$aIncludes arrangements of secular music intabulated by Francesco da Milano and compositions by himself.
=500  \\$aTranscribed title page: INTABOLATVRA / DE LAVTO / DI FRANCESCO DA MILANO / NOVAMENTE RISTAMPATA / LIBRO PRIMO / INTABOLATVRA DE LAVTO/ IN VENETIA Apresso di / Antonio Gardane / M. D. XXXXVI.
=500  \\$aWith table of contents.
=505  0\$aLe canzon delli ucelli -- La bataglia francesa. -- Hors envieulx retires vous -- Martin menoit di Janequin -- Fortune alors -- Pour avoir paix -- Sur toutes fleurs jayme la margarite -- Fantesia di F. da milano -- Fantesia di F. da milano -- Fantesia di F. da milano -- Fantesia di F. da milano -- Pourtant si je suis brunette -- Reveillez moy.
=510  4\$aH. M. Brown, Instrumental music printed before 1600: a bibliography (Cambridge, MA, 1965),$c1546/6.
=510  4\$aM.S. Lewis: Antonio Gardano, Venetian Music Printer 1538-1569: a descriptive bibliography and historical study (New York, 1988-97),$cno. 84.
=510  4\$aRISM B/I,$c1546 ²⁷
=650  \0$aLute music.
=650  \0$aTablature (Music)
=700  1\$aCerton, Pierre,$d-1572,$ecomposer.
=700  1\$aGardane, Antonio,$d1509-1569,$eprinter.
=700  1\$aGarnier,$dactive 1538-42,$ecomposer.
=700  1\$aGombert, Nicolas,$dactive 16th century,$ecomposer.
=700  1\$aJanequin, Clément,$dapproximately 1495-approximately 1560,$ecomposer.
=700  1\$aLayolle, Francesco de,$d1492-approximately 1540,$ecomposer.
=700  1\$aSermisy, Claudin de,$dapproximately 1490-1562,$ecomposer.
=752  \\$aItaly$dVenice.$2lcsh/naf
=856  41$uhttp://purl.org/rism/BI/1546/27$yDigitised score
=859  \\$aXLD$bDCW
=852  4\$cDRT$jDigital Store K.1.c.12$aBritish Library$bMUSIC
=985  \\$aEarly Music Online project
=985  \\$aRecord amended for WR# 13/070
=985  \\$aname title to add
=985  \\$aCorrected by MS generated file for WR# 1805-0738
=CAT  \\$aBATCH-DCW$b00$c20171112$lBLL01$h0214
=CAT  \\$a1805-0738$c20190111$lBLL01$h1807
=CAT  \\$a1805-0738$b00$c20190111$lBLL01$h1828
=FIN  \\$aY$d20171112
=LKR  \\$aPAR$lBLL01$r776$b004344201$mIntabolatura de lauto. novamente ristampata /$nIntabolatura de lauto. novamente ristampata /
=DGM  \\$a004344201$bCatBridge variable field
=DRT  \\$aDCW
=SRC  \\$aDCW$bDCW_20171111
=OHC  \\$a1
=LAS  \\$a1805-0738$b00$c20190111$lBLL01$h1828

