=LDR  04008 cm a22006497  4500
=001  018600569
=003  Uk
=005  20171112021413.0
=007  cr\mn\024mpada
=008  930317s1548\\\\it\||z\\s\\\\\\\\\\\zxx\\
=FMT  \\$a  MU
=019  d\$adc21900007
=040  \\$aUk$beng$cUk
=042  \\$aukblsr
=082  14$a780$215
=100  0\$aFrancesco,$cda Milano,$d1497-1543.
=240  10$aLute music.$kSelections
=245  10$aIntabolatura de lautto.$nLibro settimo /$cRecercari novi del divino M. Francesco da Milano. Estratti da li soi proprii esemplari liquali non sono mai piu stati visti ne stampati. Aggiontovi alcuni altri recercari di Julio da Modena intabulati & acomodati per sonar sopra il lautto da M. Jo. Maria da Crema.
=264  \1$a[Venice] :$bAppresso di Hieronimo Schotto,$cMDXLVIII [1548]
=300  \\$a1 score ;$c16 x 22 cm (oblong 4º)
=336  \\$anotated music$2rdacontent
=337  \\$acomputer$2rdamedia
=338  \\$aonline$2rdacarrier
=340  \\$m4to$2rdabf
=500  \\$aCollection of ricercari for lute, in tablature.
=500  \\$aCopy at K.1.c.14.b. 24 leaves; paper dimensions: 150 x 215 mm.$5Uk
=500  \\$aCopy at K.1.c.14.b. Digitised score at http://purl.org/rism/BI/1548/13.$5Uk
=500  \\$aMusic by Modena is intabulated by Giovanni Maria da Crema.
=500  \\$aTranscribed title page: INTABOLATVRA / DE LAVTTO LIBRO SETTIMO. / Recercari noui del Diuino M. Francesco da Milano. Estratti da li soi / proprii Esemplari li quali non sono mai piu stati / visti ne stampati. / AGGIONTOVI ALCVNI ALTRI RECERCA- / ri di Iulio da Modena intabulati & acomodati per so- / nar sopra il Lautto da M. Io. Maria da Crema so- / natore Excelentissimo opera veramente di- / uina como a quelli che la sonarano & vdirano sara palese / Apresso di Hieronimo Schotto. / M. D. XLVIII.
=505  0\$aRecercario primo / Francesco da Milan -- Recercar secondo / francesco da milan -- Recercar terzo / francesco da milan -- Recercar quarto / Fra[n]cesco da milan -- Recercar quinto / Francesco da milan -- Recercar sesto / Francesco da milan -- Recercar settimo / francesco da milan -- Recercar ottavo / Francesco da milan -- Recercario nono / Francesco da milan -- Recercario decimo / Francesco da Milan -- Recercario undecimo / Francesco da milan -- Recercario duodecimo / Francesco da milan -- Recercar terzo decimo / francesco da milan -- Recercar primo / Julio da modena -- Recercar secondo -- Recercar terzo -- Recercario quarto -- Recercar quinto -- Recercar sesto -- Recercar setimo -- Recercar ottavo -- Recercar nono -- Recercar decimo -- Recercario undecimo -- Recercar duodecimo.
=510  4\$aH. M. Brown, Instrumental Music Printed Before 1600: a Bibliography (Cambridge, MA, 1965),$c1548/4.
=510  4\$aJ. Bernstein: Music Printing in Renaissance Venice: The Scotto Press, 1539-72 (New York, 1998),$cno. 75.
=510  4\$aRISM B/I,$c1548 ¹³
=650  \0$aLute music
=650  \0$aTablature (Music)
=700  0\$aGiovanni Maria,$cda Crema,$dactive 1540-1550,$earranger.
=700  1\$aScotto, Girolamo,$eprinter.
=700  1\$aSegni, Julio,$d1498-1561,$ecomposer.
=752  \\$aItaly$dVenice.$2lcsh/naf
=856  41$uhttp://purl.org/rism/BI/1548/13$yDigitised score
=859  \\$aXLD$bDCW
=852  4\$cDRT$jDigital Store K.1.c.14.b.$aBritish Library$bMUSIC
=985  \\$aEarly Music Online project
=985  \\$aRecord amended for WR# 13/070
=985  \\$aname title to add
=985  \\$aCorrected by MS generated file for WR# 1805-0738
=CAT  \\$aBATCH-DCW$b00$c20171112$lBLL01$h0214
=CAT  \\$a8870$b40$c20180626$lBLL01$h1133
=CAT  \\$a1805-0738$c20190111$lBLL01$h1807
=CAT  \\$a1805-0738$b00$c20190111$lBLL01$h1828
=FIN  \\$aY$d20171112
=LKR  \\$aPAR$lBLL01$r776$b004344204$mIntabolatura de lautto.$nIntabolatura de lautto.
=DGM  \\$a004344204$bCatBridge variable field
=DRT  \\$aDCW
=SRC  \\$aDCW$bDCW_20171111
=OHC  \\$a1
=LAS  \\$a1805-0738$b00$c20190111$lBLL01$h1828

