=LDR  04059 cm a2200721 a 4500
=001  018600570
=003  Uk
=005  20171112021413.0
=007  cr\mn\024mpada
=008  930317s1598\\\\it\||z\\s\\\\\\\\\\\zxx\\
=FMT  \\$a  MU
=019  d\$ade00810057
=040  \\$aUk$beng$cUk
=041  \\$gita
=042  \\$aukblsr
=082  14$a780$215
=245  03$aIl primo libro della musica a due voci /$cdi Gio. Giacomo Gastoldi, maestro di Capella nella Chiesa Ducale di S. Barbara in Mantova, e d'altri eccellentiss. musici de Milano.
=264  \1$aIn Milano :$bAppresso l'herede di Simon Tini & Gio. Francesco Besozzo,$cMDXCVIII [1598]
=300  \\$a2 part books ;$c23 cm (4º)
=336  \\$anotated music$2rdacontent
=337  \\$acomputer$2rdamedia
=338  \\$aonline$2rdacarrier
=340  \\$m4to$2rdabf
=500  \\$aCollection of 36 untitled instrumental pieces in two parts (Canto, Tenore).
=500  \\$aCopy at D.85. Canto (20 leaves), Tenore (20 leaves); original foliation: [i, ii], 1-38 p.; paper dimensions: 215 x 155 mm.$5Uk
=500  \\$aCopy at D.85. Digitised score at http://purl.org/rism/BI/1598/13.$5Uk
=500  \\$aFirst 20 pieces by Gastoldi; the remaining 16 by Orfeo Vecchi, Serafino Cantone, Riccardo Rognoni, Giovanni Domenico Rognoni Taeggio, Giovanni Paolo Cima, Girolamo Baglioni, and anonymous composers.
=500  \\$aTitle from Canto part book.
=500  \\$aTranscribed title page from Canto part book: CANTO / DI GIO. GIACOMO / GASTOLDI / MAESTRO DI CAPELLA / nella Chiesa Ducale di S. Barbara / in Mantoua, / E d'altri Eccellentiß. Musici di Milano, / IL PRIMO LIBRO / DELLA MVSICA / A DVE VOCI. / IN MILANO, / Appresso l'herede di Simon Tini, & Gio. Francesco Besozzo. / M. D. XCVIII.
=500  \\$aWith a dedication by the publishers to Francesco Baglione, dated '6. Maggio 1598'.
=505  0\$a[Nos. 1-20] / [Gio. Giacomo Gastoldi] -- [Nos. 21-22] / Orfeo Vecchi -- [Nos. 23-24] / d'Incerto -- [Nos. 25-26] / Serafin Canton -- [No. 27] Canon in diapason / Richardo Rogniono -- [No. 28] Canon alunison / Richardo Rogniono -- [No. 29] / Gio. Domenico Rognoni -- [No. 30] Canon al Semiditono acuto per contrari movimenti / Gio. Dominico Rognoni -- [Nos. 31-32] / Giovan Paulo Cima -- [Nos. 33-34] / d'Incerto -- [No. 35] / Hieronimo Baglioni -- [No. 36] / Hieronimo Baglione.
=510  4\$aRISM B/I,$c1598 ¹³
=650  \0$aDuets (Unspecified instruments (2))$vParts.
=700  1\$aBaglione, Francesco,$ededicatee.
=700  1\$aBaglioni, Girolamo,$dapproximately 1575-1608,$ecomposer.
=700  1\$aBesozzo, Giovanni Francesco,$eprinter.
=700  1\$aCantone, Serafino,$dactive 1580-1627,$ecomposer.
=700  1\$aCima, Giovanni Paolo,$dapproximately 1570-1630,$ecomposer.
=700  1\$aRognoni Taeggio, Giovanni Domenico,$ecomposer.
=700  1\$aRognoni, Riccardo,$ecomposer.
=700  1\$aTini, Simon,$eprinter.
=700  1\$aVecchi, Orfeo,$d1552 or 1553-1603,$ecomposer.
=700  12$aGastoldi, Giovanni Giacomo,$dactive 1582-1609.$tDuets.
=710  2\$aSimon Tini & Giovanni Francesco Besozzo (Firm),$eprinter.
=752  \\$aItaly$dMilan.$2lcsh/naf
=856  41$uhttp://purl.org/rism/BI/1598/13$yDigitised score
=859  \\$aXLD$bDCW
=852  4\$cDRT$jDigital Store D.85.$aBritish Library$bMUSIC
=985  \\$aRecord amended for WR# 13/070
=985  \\$aname title to add; Besozzo, Tini & Baglione headings not in NACO.
=985  \\$aCorrected by MS generated file for WR# 1805-0738
=CAT  \\$aBATCH-DCW$b00$c20171112$lBLL01$h0214
=CAT  \\$a9572$b40$c20181015$lBLL01$h1129
=CAT  \\$aBATCH-UPD$b40$c20181015$lBLL01$h1129
=CAT  \\$a1805-0738$c20190121$lBLL01$h0828
=CAT  \\$a1805-0738$b00$c20190121$lBLL01$h0828
=FIN  \\$aY$d20171112
=LKR  \\$aPAR$lBLL01$r776$b004352621$mIl primo libro della musica a due voci /$nIl primo libro della musica a due voci /
=DGM  \\$a004352621$bCatBridge variable field
=DRT  \\$aDCW
=SRC  \\$aDCW$bDCW_20171111
=OHC  \\$a1
=LAS  \\$a1805-0738$b00$c20190121$lBLL01$h0828

