=LDR  04957 cm a22008297  4500
=001  018600571
=003  Uk
=005  20200918103928.0
=007  cr\mn\024mpada
=008  930317s1590\\\\it\||z\\s\\\\\\\\\\\ita\\
=FMT  \\$a  MU
=019  d\$ade05590001
=040  \\$aUk$beng$cUk
=041  \\$aita$gita
=042  \\$aukblsr
=082  14$a780$215
=245  03$aLe gemme, madrigali a cinque /$cde diversi eccellentissimi musici della città di Bologna.
=264  \1$aMilano :$bAppresso Francesco & gl' heredi di S. Tini,$cMDLXXXX [1590]
=300  \\$a5 part books ;$c21 x 16 cm (4º)
=336  \\$anotated music$2rdacontent
=337  \\$acomputer$2rdamedia
=338  \\$aonline$2rdacarrier
=340  \\$m4to$2rdabf
=500  \\$aCollection of madrigals in five parts (CATB5).
=500  \\$aColophon: 'IN MILANO, / Per Michel Tini. M D LXXXX.'
=500  \\$aCopy at C.215. Digitised score at http://purl.org/rism/BI/1590/13.$5Uk
=500  \\$aCopy at C.215. Quinto (12 leaves); original foliation: Quinto: [i-ii], 1-22 p.; paper dimensions: 206 x 152 mm.$5Uk
=500  \\$aDedication addressed to Giannangelo Arcimboldo, by 'Francesco Lucini Cantore nel Domo di Milano', signed 'In Milano alli 10. d'Ottobre. 1590.'
=500  \\$aTranscribed title page from Quinto part book: LE GEMME, / MADRIGALI / A CINQVE / DE DIVERSI ECCELENTISSIMI / Musici della Città di Bologna. / Nouamente posti in luce. / IN MILANO, / Appresso Francesco, & gl'heredi di Simon Tini. / M. D. LXXXX.
=500  \\$aWith table of contents.
=505  0\$aLeggiadra Pastorella Al giovinetto giorno scesa / Bartolomeo Spontoni -- Se pur offesa sei e meco guerra vuoi / Domenico Micheli -- Se de' miei giusti prieghi Pietosa mi concedi / Lorenzo Vecchi -- Vieni felic' e lieto Tu che le doglie e i pianti / Bartolomeo Spontoni -- Queste lagrime mie questi sospiri / Giulio Cesare Gabucci -- Il piè vago move a Vezzosa Pastorella / Giulio Cesare Gabucci -- S'io fò da voi partita Caro dolce il mio bene / Hermes Rodaldi -- Fallace ardir e troppo stolte voglie ([seconda parte]: Desio d'honor e giusto sdegno hor scioglie il duro laccio) / Lorenzo Vecchi -- La tua cara Amarilli Dicea la bella Ninfa / Andrea Rota -- Mentre sola bevevi Nel pur'argent'impresso / Paolo Cavalieri -- Già l'alma ti donai, E della vista tua contenta e lieta vissi / Paolo Consoni -- Mentre col dolce canto La mia Sirena bella / Adam Ena -- Ardite, e dolci labia / Fabritio Barbieri -- La piaga Amor che mi donasti al core / Giuliano Cartari -- Clori mentre giacea Nel dolce seno del suo car'Aminta / Girolamo Trombetti -- Ahi che gran tempo in vano / Paolo Cavaglieri -- Misero me che del mio mal m'avveggio / Alessandro Spontoni -- Beatissima notte à cui comparte (seconda parte: Son' di duo si cari al ciel graditi amanti) / Ascanio Trombetti -- Arde il core, e la lingu'agghiaccia / Giulio Cesare Gabucci - Ahi non sia ver mia Clori / Damiano Scarabelli.
=510  4\$aRISM B/I,$c1590 ¹³
=546  \\$aItalian words.
=650  \0$aMadrigals, Italian.
=700  1\$aArcimboldo, Giannangelo,$ededicatee.
=700  1\$aBarbieri, Fabrizio,$ecomposer.
=700  1\$aCartari, Giuliano,$dbetween 1536 and 1539-1613?,$ecomposer.
=700  1\$aCavalieri, Paolo,$ecomposer.
=700  1\$aConsoni, Paolo,$ecomposer.
=700  1\$aDe Vecchi, Lorenzo,$ecomposer.
=700  1\$aEna, Adam,$ecomposer.
=700  1\$aGabussi, Giulio Cesare,$d-1611,$ecomposer.
=700  1\$aLucini, Francesco,$ededicator.
=700  1\$aMicheli, Domenico,$dapproximately 1540-approximately 1590,$ecomposer.
=700  1\$aRodaldi, Ermes,$ecomposer.
=700  1\$aRota, Andrea,$d1553-1597,$ecomposer.
=700  1\$aScarabelli, Damiano,$ecomposer.
=700  1\$aSpontone, Bartolomeo,$d1530-1592,$ecomposer.
=700  1\$aSpontoni, Alessandro,$ecomposer.
=700  1\$aTini, Francesco,$d-approximately 1591,$eprinter.
=700  1\$aTini, Michele,$eprinter.
=700  1\$aTini, Simone,$eprinter.
=700  1\$aTrombetti, Ascanio,$d1544-1590,$ecomposer.
=700  1\$aTrombetti, Girolamo,$ecomposer.
=752  \\$aItaly$dVenice.$2lcsh/naf
=856  41$uhttp://purl.org/rism/BI/1590/13$yDigitised score
=859  \\$aXLD$bDCW
=852  4\$cDRT$jDigital Store C.215.$aBritish Library$bMUSIC
=985  \\$aRecord amended for WR# 13/070
=985  \\$aname title to add
=985  \\$aCorrected by MS generated file for WR# 1805-0738
=CAT  \\$aBATCH-DCW$b00$c20171112$lBLL01$h0214
=CAT  \\$a1805-0738$c20190111$lBLL01$h1807
=CAT  \\$a1805-0738$b00$c20190111$lBLL01$h1828
=CAT  \\$a8870$b40$c20200918$lBLL01$h1039
=FIN  \\$aY$d20171112
=LKR  \\$aPAR$lBLL01$r776$b004355532$mLe gemme, madrigali a cinque /$nLe gemme, madrigali a cinque /
=DGM  \\$a004355532$bCatBridge variable field
=DRT  \\$aDCW
=SRC  \\$aDCW$bDCW_20171111
=OHC  \\$a1
=LAS  \\$a8870$b40$c20200918$lBLL01$h1039

