=LDR  04802 cm a22007217  4500
=001  018600572
=003  Uk
=005  20171112021413.0
=007  cr\mn\024mpada
=008  930317s1546\\\\it\||z\\s\\\\\\\\\\\zxx\\
=FMT  \\$a  MU
=019  d\$ade16020001
=040  \\$aUk$beng$cUk
=042  \\$aukblsr
=082  14$a780$215
=100  0\$aGiovanni Maria,$cda Crema,$dactive 1540-1550,$ecomposer.
=245  10$aIntabolatura de lauto di recercari canzon francese motetti madrigali padoane é saltarelli /$cComposti per lo eccellente musicho & sonator di lauto messer Jo. Maria da Crema, novamente ristampata & del medesmo autore corretta, libro primo.
=264  \1$aIn Venetia :$bapresso di Antonio Gardane,$cMDXXXXVI [1546]
=300  \\$a81 unnumbered pages of music ;$c15 x 22 cm (oblong 4º)
=336  \\$anotated music$2rdacontent
=337  \\$acomputer$2rdamedia
=338  \\$aonline$2rdacarrier
=340  \\$m4to$2rdabf
=500  \\$aCollection of music for lute in tablature, with table of contents. The title page suggests that the music is all by Giovanni Maria da Crema, but there are also intabulations of several other composers' music.
=500  \\$aCopy at K.1.c.10. Digitised score at http://purl.org/rism/BI/1546/25.$5Uk
=500  \\$aCopy at K.1.c.10. Paper dimensions: 146 x 210 mm.$5Uk
=500  \\$aThis work contains a "Letare" by Josquin.
=500  \\$aTranscribed title page: IOAN MARIA / INTABOLATVRA / DE LAVTO / DI RECERCARI CANZON FRANCESE / Motetti Madrigali padoane é Saltarelli Composti per lo Eccellente / musicho & sonator di Lauto messer Io. Maria da Crema / nouamente ristampata & del medesmo autore corretta / LIBRO PRIMO / In Venetia apresso di / Antonio Gardane. / M. D. XXXXVI.
=505  0\$aRecercar primo -- Recercar segondo -- Recercar terzo -- Recercar quarto -- Recercar quinto -- Recercar sesto -- Recercar settimo -- Recercar ottavo -- Recercar nono -- Recercar decimo -- Recercar undecimo -- Recercar duodecimo -- Recercar tredecimo -- Recercar decimoquarto -- Recercar decimoquinto -- Entre mes bras -- Vivre ne puis -- Jayme le cueur -- de vous servir -- Amours ont change -- Le content e riche -- Je le laray -- amy souffres -- Jamais -- Holla he -- Et don bon soir -- Bayses moy -- Mon amy -- Il nest plaisir -- Mays quest ce -- Allons allons -- Queramus. Tertia pars (sic) -- Letare. Secunda pars -- Que est ista -- Si bona suscepimus -- Lasciar il velo -- Con lacrime e sospiri -- Quanto si a liet'el giorno -- O felici occhi miei -- Occhi miei lassi -- Sal.ditto el maton -- Sal.ditto bel fior -- Sal.ditto la bertoncina -- Sal.ditto el giorgio -- Pass'e mezzo ala bolognesa -- Saltarello a la bolognesa -- Pass'emezo della louetta -- Saltarel de la louetta -- Pass'emezo de la sasinata -- Saltarello de la sasinata.
=510  4\$aH. M. Brown, Instrumental Music Printed Before 1600: a Bibliography (Cambridge, MA, 1965),$c1546/10.
=510  4\$aM.S. Lewis: Antonio Gardano, Venetian Music Printer 1538-1569: a Descriptive Bibliography and Historical Study (New York, 1988-97),$cno. 86.
=510  4\$aRISM B/I,$c1546 ²⁵
=650  \0$aLute music.
=650  \0$aTablature (Music)
=700  1\$aArcadelt, Jacob,$dapproximately 1505-1568,$ecomposer.
=700  1\$aDe Silva, Andreas,$dactive 1510-1530,$ecomposer.
=700  1\$aGascongne, Mathieu,$ecomposer.
=700  1\$aGombert, Nicolas,$dactive 16th century,$ecomposer.
=700  1\$aJanequin, Clément,$dapproximately 1495-approximately 1560,$ecomposer.
=700  1\$aMahiet,$ecomposer.
=700  1\$aMoulu, Pierre,$ecomposer.
=700  1\$aMouton, Jean,$d-1522,$ecomposer.
=700  1\$aSermisy, Claudin de,$dapproximately 1490-1562,$ecomposer.
=700  1\$aVerdelot, Philippe,$d-approximately 1565,$ecomposer.
=700  1\$aWillaert, Adrian,$d1490?-1562,$ecomposer.
=752  \\$aItaly$dVenice.$2lcsh/naf
=856  41$uhttp://purl.org/rism/BI/1546/25$yDigitised score
=859  \\$aXLD$bDCW
=852  4\$cDRT$jDigital Store K.1.c.10.$aBritish Library$bMUSIC
=985  \\$aEarly Music Online project
=985  \\$aRecord amended for WR# 13/070
=985  \\$aname title to add
=985  \\$aCorrected by MS generated file for WR# 1805-0738
=CAT  \\$aBATCH-DCW$b00$c20171112$lBLL01$h0214
=CAT  \\$a1805-0738$c20190111$lBLL01$h1807
=CAT  \\$a1805-0738$b00$c20190111$lBLL01$h1828
=FIN  \\$aY$d20171112
=LKR  \\$aPAR$lBLL01$r776$b004361063$mIntabolatura de lauto di recercari canzon francese motetti madrigali padoane é saltarelli /$nIntabolatura de lauto di recercari canzon francese motetti madrigali padoane é saltarelli /
=DGM  \\$a004361063$bCatBridge variable field
=DRT  \\$aDCW
=SRC  \\$aDCW$bDCW_20171111
=OHC  \\$a1
=LAS  \\$a1805-0738$b00$c20190111$lBLL01$h1828

