=LDR  03934 cm a2200685 a 4500
=001  018600573
=003  Uk
=005  20171112021413.0
=007  cr\mn\024mpada
=008  930322s1583\\\\it\||z\\s\\\\\\\\\\\ita\\
=FMT  \\$a  MU
=019  d\$aef11510002
=040  \\$aUk$beng$cUk
=041  \\$aita$gita
=042  \\$aukblsr
=082  14$a780$215
=130  0\$aLaude spirituali (Soto de Langa),$nlibro 1.
=245  13$aIl primo libro delle laude spirituali a tre voci.
=264  \1$aIn Roma :$bPer Alessandro Gardano,$c1583.
=300  \\$a1 choir book (30 leaves) ;$c21 cm (4º)
=336  \\$anotated music$2rdacontent
=337  \\$acomputer$2rdamedia
=338  \\$aonline$2rdacarrier
=340  \\$m4to$2rdabf
=500  \\$a"Stampata ad instanza della reverendi Padri della congregatione dello oratorio. Con privileggio del Sommo Pontifice."
=500  \\$aCollection of laude spirituali for three voices (STB).
=500  \\$aCopy at D.33.(1.). 32 leaves; original foliation: [i-ii], 1-30 f.; paper dimensions: 208 x 158 mm.$5Uk
=500  \\$aCopy at D.33.(1.). Digitised score at http://purl.org/rism/BI/1583/3.$5Uk
=500  \\$aIncludes dedication to Cardinal Alessandrino, in Italian.
=500  \\$aProbably compiled by Francesco Soto de Langa (cf. Grove).
=500  \\$aSimilar to RISM B/I 1577/3a with a few variants.
=500  \\$aTranscribed title page from choir book: IL PRIMO LIBRO / DELLE LAVDE SPIRITVALI / A TRE VOCI, / Stampata ad istanza delli Reuerendi Padri della / Congregatione dello Oratorio. / Con Priuileggio del Sommo Pontifice. / IN Roma per Alessandro Gardano. 1583.
=500  \\$aWith table of contents.
=505  0\$aDeh piangi anima mia -- Chi vol salir' al cielo -- Se questa valle de miserie piena -- Perche ripieno sei -- Chi vol seguir la guerra -- Giesu, nostro riscatto -- Signor ti benedico -- Signor per la tua fe -- Perder gl'amici, e perder li favori -- Signor io t'ho confitto -- Amor senza misura -- Era scampato per mia bona sorte -- Levate sù pastori -- Giu per la mala via -- Io mi trovo Giesu -- (seconda parte: Faticosa è la via) -- Anima mi ache pensi -- Dolce felice e lieta -- Io venni su dal Cielo -- Disposto ho di seguirti -- Vattene ò pigro vanne a la formica -- Anime affaticate, e siti bonde -- Io ti lascio, o stolto mo[n]do -- Giesu clemente, e pio -- L'unico figlio del'eterno padre -- Questo nobil ba[m]bino -- Quando vedrò di quest mortal luce -- Di nova luce adorna -- Come ti vedo -- Lodate Dio.
=510  4\$aA. Einstein, 'Bibliography of Italian secular vocal music printed between the years 1500-1700, by Emil Vogel' (Seventh Installment),$cNotes, 4-1 (1946), 41-56, no. 1583/8
=510  4\$aRISM B/I,$c1583 ³
=546  \\$aItalian words.
=650  \0$aLaude.
=650  \0$aPart songs, Italian.
=700  1\$aBonelli, Michele,$cCardinal Alessandrino,$ededicatee.
=700  1\$aGardane, Alessandro,$dactive 1575-1591,$eprinter.
=700  1\$aSoto de Langa, Francisco,$d1534-1619,$ecompiler.
=710  2\$aGardane (Firm),$eprinter.
=752  \\$aItaly$dRome.$2lcsh/naf
=856  41$uhttp://purl.org/rism/BI/1583/3$yDigitised score
=859  \\$aXLD$bDCW
=852  4\$cDRT$jDigital Store D.33.(1.)$aBritish Library$bMUSIC
=985  \\$aRecord amended for WR# 13/070
=985  \\$aname title to add; name heading for Cardinal Alessandrino needs work
=985  \\$aCorrected by MS generated file for WR# 1805-0738
=CAT  \\$aBATCH-DCW$b00$c20171112$lBLL01$h0214
=CAT  \\$a1805-0738$c20190111$lBLL01$h1807
=CAT  \\$a1805-0738$b00$c20190111$lBLL01$h1828
=FIN  \\$aY$d20171112
=LKR  \\$aPAR$lBLL01$r776$b004469743$mIl primo libro delle laude spirituali a tre voci.$nIl primo libro delle laude spirituali a tre voci.
=DGM  \\$a004469743$bCatBridge variable field
=DRT  \\$aDCW
=SRC  \\$aDCW$bDCW_20171111
=OHC  \\$a1
=LAS  \\$a1805-0738$b00$c20190111$lBLL01$h1828

