=LDR  04027 cm a2200685 a 4500
=001  018600574
=003  Uk
=005  20171112021413.0
=007  cr\mn\024mpada
=008  930322s1588\\\\it\||z\\s\\\\\\\\\\\ita\\
=FMT  \\$a  MU
=019  d\$aef11510003
=040  \\$aUk$beng$cUk
=041  \\$aita$aspa$gita
=042  \\$aukblsr
=082  14$a780$215
=130  0\$aLaude spirituali (Soto de Langa),$nlibro 3.
=245  13$aIl terzo libro delle laudi spirituali a tre e a quattro voci.
=264  \1$aIn Roma :$bPer Alessandro Gardano, ad instantia d'Iacomo Tornieri,$c1588.
=300  \\$a1 choir book ;$c23 x 17 cm (4º)
=336  \\$anotated music$2rdacontent
=337  \\$acomputer$2rdamedia
=338  \\$aonline$2rdacarrier
=340  \\$m4to$2rdabf
=500  \\$a"Stampata ad instanza della reverendi Padri della congregatione dell'oratorio."
=500  \\$aCollection of laude spirituali in three and four parts.
=500  \\$aCopy at D.33.a. 38 leaves; original foliation: [i], 1-13, 4, 15-20, 16, 22, 18, 24-35, [36-37]; paper dimensions: 217 x 160 mm.$5Uk
=500  \\$aCopy at D.33.a. Digitised score at http://purl.org/rism/BI/1588/11.$5Uk
=500  \\$aProbably compiled by Francesco Soto de Langa (cf. Grove).
=500  \\$aTranscribed title page: IL TERZO LIBRO / DELLE LAVDI / SPIRITVALI / A TRE E A QVATTRO / VOCI / Stampata ad instanza delli Reuerendi Padri della / Congregatione dell'Oratorio. / Con priuilegio del Sommo Pontefice. / In Roma per Alessandro Gardano. Ad instantia / d'Iacomo Tornieri. 1588.
=500  \\$aWith table of contents.
=505  0\$aBenedite il signore -- Mentre ti miro tenero bambino -- Surge la chiara stella -- Tu piu pura di me -- Alto Re delle genti -- Ringratianti o GIESU buono -- L'eterno alto motore -- Mentre lo sposo mio dorme -- Unico figlio amato -- La tua carne o Signore -- Hoggi ch'el Padre eterno -- Vidi una verginella -- Figlio dicea del so[m]mo eterno padre -- Fammi un bel cor signore -- Nasce'l mio gaudio interno -- Hor che la fredda neve -- Donna celeste che di Dio -- O fra quanti giamai -- Stava a pie della croce -- Io vo vendetta far -- Il mondo stolt' & pazzo -- Gionto che fu quel giorno -- Onde che l'aureo crine -- Quand'io ripenso -- Come ti vedo oime -- Vita del viver mio -- Sommo signore e Dio -- Noi siam care sorelle -- Sposa cara [e] diletta -- Ritorn'al tuo pastor -- O Maria tu che sapevi -- Deh se pietosa sei -- Quando io veggio salire -- Alma dexa la tierra -- No ves mi Dios.
=510  4\$aA. Einstein, 'Bibliography of Italian secular vocal music printed between the years 1500-1700, by Emil Vogel' (Eighth Installment), Notes, 4-2 (1947), 201-16,$cno. 1588/10.
=510  4\$aRISM B/I,$c1588 ¹¹
=546  \\$aItalian or Spanish words.
=650  \0$aLaude.
=650  \0$aPart songs, Italian.
=700  0\$aCharles Borromeo,$cSaint,$d1538-1584,$eother.
=700  1\$aBorromeo, Federico,$d1564-1631,$ededicatee.
=700  1\$aGardane, Alessandro,$dactive 1575-1591,$eprinter.
=700  1\$aSoto de Langa, Francisco,$d1534-1619,$ecompiler.
=700  1\$aTornieri, Giacomo,$eprinter.
=710  2\$aGardane (Firm),$eprinter.
=752  \\$aItaly$dRome.$2lcsh/naf
=856  41$uhttp://purl.org/rism/BI/1588/11$yDigitised score
=859  \\$aXLD$bDCW
=852  4\$cDRT$jDigital Store D.33.a.$aBritish Library$bMUSIC
=985  \\$aRecord amended for WR# 13/070
=985  \\$aname title to add
=985  \\$aCorrected by MS generated file for WR# 1805-0738
=CAT  \\$aBATCH-DCW$b00$c20171112$lBLL01$h0214
=CAT  \\$a1805-0738$c20190111$lBLL01$h1807
=CAT  \\$a1805-0738$b00$c20190111$lBLL01$h1828
=FIN  \\$aY$d20171112
=LKR  \\$aPAR$lBLL01$r776$b004469744$mIl terzo libro delle laudi spirituali a tre e a quattro voci.$nIl terzo libro delle laudi spirituali a tre e a quattro voci.
=DGM  \\$a004469744$bCatBridge variable field
=DRT  \\$aDCW
=SRC  \\$aDCW$bDCW_20171111
=OHC  \\$a1
=LAS  \\$a1805-0738$b00$c20190111$lBLL01$h1828

