=LDR  05671 cm a2200721 a 4500
=001  018600575
=003  Uk
=005  20171112021413.0
=007  cr\mn\024mpada
=008  930322s1589\\\\it\||z\\s\\\\\\\\\\\ita\\
=FMT  \\$a  MU
=019  d\$aef11510004
=019  d\$aef11510005
=040  \\$aUk$beng$cUk
=041  \\$aita$aspa$gita
=042  \\$aukblsr
=082  14$a780$215
=130  0\$aLaude spirituali (Soto de Langa),$nlibro 1-3.$kSelections.
=245  10$aLibro delle laudi spirituali :$bdove in uno sono compresi i tre libri gia stampati : e ridutta la musica à più brevità e facilità : con l'accrescimento delle parole, e con l'aggiunta de molte laudi nuove : che si canteranno nel modo che dentro si mostra.
=264  \1$aRoma :$bPer Alessandro Gardano, ad instantia de Iacomo Tornieri,$c1589.
=300  \\$a1 choir book ([132] pages) ;$c23 cm (4º)
=336  \\$anotated music$2rdacontent
=337  \\$acomputer$2rdamedia
=338  \\$aonline$2rdacarrier
=340  \\$m4to$2rdabf
=500  \\$a"Stampata ad instanza delli Reverendi Padri della Congregatione dell'Oratorio. Con Privilegio del Sommo Pontefice. Con licentia de' superiori."
=500  \\$aCollection of laude spirituali in three and four parts for various voice combinations.
=500  \\$aCompiled by Francisco Soto de Langa.
=500  \\$aCopy at D.33.b.(1.). 68 leaves; original foliation: [i], 1, [ii], 2-64, [65-66] f.; paper dimensions: 216 x 158 mm.$5Uk
=500  \\$aCopy at D.33.b.(1.). Digitised score at http://purl.org/rism/BI/1589/2.$5Uk
=500  \\$aIncludes additional texts to be sung with the preceding music.
=500  \\$aSelected from 3 previously published volumes (RISM/BI 1583/3, 1583/4, and 1588/11).
=500  \\$aTranscribed colophon: REGISTRO. / ABCDEFGHIKLMNOPQR. / Tutti sono sogli. / IN ROMA Per Aleßandro Gardano, & / Francesco Coattino Compagni.
=500  \\$aTranscribed title page: LIBRO / DELLE LAVDI / SPIRITVALI / Doue in vno sono compresi i Tre Libri gia stampati. E ridutta la / Musica à più brevità, e facilità : con l'accrescimento delle / parole, e con l'aggiunta de molte Laudi nuoue, che si / canteranno nel modo che dentro si mostra. / Stampata ad instanza delli Reuerendi Padri della / Congregatione dell'Oratorio. / Con Priuilegio del Sommo Pontefice. / CON LICENTIA DE' SVPERIORI. / In Roma, Per Alessandro Gardano, Ad instantia / de Iacomo Tornieri. 1589.
=500  \\$aWith table of contents.
=505  0\$aLodate Dio -- Deh piangi anima mia -- Chi vol salir' al cielo -- Se questa valle de miserie piena -- Perche ripieno sei -- Chi vol seguir la guerra -- Giesu, nostro riscatto -- Signor per la tua fe -- Giu per la mala via -- Io mi trovo Giesu (seconda parte: Faticosa e la via) -- Dolce felice e lieta -- Disposto ho di seguirti -- Vattene o pigro vanne a la formica -- Io ti lascio, o stolto mo[n]do -- Per che m'inviti pur mo[n]do fallace -- Anima che per me dal mondo errante -- Cor mio dolente e tristo -- Tu che sei tanto bello -- Benedetto sei tu dolce signor Giesu -- Sorgi dal sonno (seconda parte: Il tuo bel sol) -- Sorge la chiara stella -- Mentre lo sposo mio dorme & riposa -- Unico figlio amato -- Vergine se ti calsi -- Viddi una verginella -- Figlio dicea del so[m]mo eterno padre -- Donna celeste che di Dio -- O fra quanti giamai -- Io vo vendetta far -- Il mondo stolt'et pazzo -- L'alto fattor che l'universo regge -- Passat' e'l verno e i giacci e le pruine -- Fuggon i giorn'ei mesi -- Donna gloriosa Piu sublime del ciel -- Qua[n]do ripens'ai miei mal -- Son quest'i sacri pie -- Sommo signor'e Dio -- Sposa cara e diletta -- Ritorn'al tuo pastor -- O peccator che fai.
=510  4\$aA. Einstein, 'Bibliography of Italian secular vocal music printed between the years 1500-1700, by Emil Vogel' (Ninth Installment), Notes, 4-3 (1947),$c301-16, no. 1589/8.
=510  4\$aRISM B/I,$c1589 ²
=546  \\$aItalian or Spanish words.
=650  \0$aLaude.
=650  \0$aPart songs, Italian.
=700  1\$aCoattino, Francesco,$dactive 1589-1594,$eprinter.
=700  1\$aGardane, Alessandro,$dactive 1575-1591,$eprinter.
=700  1\$aSoto de Langa, Francisco,$d1534-1619,$ecompiler.
=700  1\$aTornieri, Giacomo,$eprinter.
=710  2\$aGardane (Firm),$eprinter.
=752  \\$aItaly$dRome.$2lcsh/naf
=856  41$uhttp://purl.org/rism/BI/1589/2$yDigitised score
=859  \\$aXLD$bDCW
=852  4\$cDRT$jDigital Store D.33.b.(1.)$aBritish Library$bMUSIC
=985  \\$aRecord amended for WR# 13/070
=985  \\$aname title to add; authority work needed to merge 2 headings, Soto, Francesco and Soto de Langa, Francisco, 1534-1619.
=985  \\$aCorrected by MS generated file for WR# 1805-0738
=CAT  \\$aBATCH-DCW$b00$c20171112$lBLL01$h0214
=CAT  \\$a1805-0738$c20190111$lBLL01$h1807
=CAT  \\$a1805-0738$b00$c20190111$lBLL01$h1828
=FIN  \\$aY$d20171112
=LKR  \\$aPAR$lBLL01$r776$b004469745$mLibro delle laudi spirituali : dove in uno sono compresi i tre libri gia stampati : e ridutta la musica à più brevità e facilità : con l'accrescimento delle parole, e con l'aggiunta de molte laudi nuove : che si canteranno nel modo che dentro si mostra.$nLibro delle laudi spirituali : dove in uno sono compresi i tre libri gia stampati : e ridutta la musica à più brevità e facilità : con l'accrescimento delle parole, e con l'aggiunta de molte laudi nuove : che si canteranno nel modo che dentro si mostra.
=DGM  \\$a004469745$bCatBridge variable field
=DRT  \\$aDCW
=SRC  \\$aDCW$bDCW_20171111
=OHC  \\$a2
=LAS  \\$a1805-0738$b00$c20190111$lBLL01$h1828

