=LDR  06914 cm a2200757 a 4500
=001  018600576
=003  Uk
=005  20171112021413.0
=007  cr\mn\024mpada
=008  930322s1591\\\\it\||z\\s\\\\\\\\\\\ita\\
=FMT  \\$a  MU
=019  d\$aef11510007
=019  d\$aef11510008
=040  \\$aUk$beng$cUk
=042  \\$aukblsr
=082  14$a780$215
=130  0\$aLaude spirituali (Soto de Langa),$nlibro 4.
=245  13$aIl quarto libro delle laudi a tre et quatro voci.
=264  \1$aRoma :$bApud Alexandrum Gardanum, impensis Ascanij & Hieronymi Donangeli,$c1591.
=300  \\$a1 choir book ([208] pages) ;$c23 cm (4º)
=336  \\$anotated music$2rdacontent
=337  \\$acomputer$2rdamedia
=338  \\$aonline$2rdacarrier
=340  \\$m4to$2rdabf
=500  \\$a"Satmpate [or rather, stampate] ad instantia delli Reverendi Padri della Congregatione del'Oratorio."
=500  \\$a'Sopra'l fieno colcate' for 2 voices (SB); 'Ecco, che bene è questo ohime' and 'Non tesse mille inganni' for 8 voices (SSAATTBB).
=500  \\$aCollection of laude spirituali, chiefly for 3-4 unaccompanied voices, in various combinations.
=500  \\$aColophon: REGISTRO. / ABCDEFGHIKLMNOPQRSTVXYZ. / AA BB CC DD / Tutti sono sogli interi, eccetto DD qual'e mezzo foglio. / IN ROMA Presso Ascanio, e Girolamo Donangeli. 1591.
=500  \\$aCompiled by Francesco Soto de Langa.
=500  \\$aCopy at D.33.b.(2.). 106 leaves; original foliation: [i-ii], 1-27, 27, 29, 29, 31-103, [104] f.; paper dimensions: 216 x 158 mm.$5Uk
=500  \\$aCopy at D.33.b.(2.). Digitised score at http://purl.org/rism/BI/1591/3.$5Uk
=500  \\$aDedication page in Italian to Olimpia Orsina Cesi, Duchess of Acquasparta.
=500  \\$aIncludes additional texts to be sung with the preceding music.
=500  \\$aTranscribed title page: IL QVARTO / LIBRO DELLE LAVDI / A TRE ET QVATRO VOCI / Satmpate [sic] ad instantia delli Reue- / uerendi [sic] Padri della Congre- / gatione del' Oratorio. / Con licenza d' Superiori. / IN ROMA. / Apud Alexandrum Gardanum. / Impensis Ascanij & Hieronymi / Donangeli. 1591.
=500  \\$aWith table of contents.
=505  0\$aO glorioso corpo di Maria (seconda parte: Che se no[n] puo soffrir (terza parte: Ma gia che no[n] poss'io) -- Mira il vergine amante (seconda parte: Mira l'alta bellezza) (terza parte: Mira l'or crespo) (quarta parte: Mira co[n] occhio fisso) -- Ne più sereno cielo (seconda parte: Ma poi che fu lontano) (terza parte: In si fiera) (quarta parte: Pietà Signor) -- Questa Vergin Signor (seconda parte: Ne l'oro ne le gemme) (terza parte: Sol te vol dolce amor) (quarta parte: Poi che Giesù) -- Chiostro beato & santo (seconda parte: Chiostro beato & santo ca[m]po fertil (terza parte: Chiostro beato & santo Paradiso celeste (quarta parte: Chiostro beato & santo Tempio vivo) (quinta parte: Chiostro beato & santo Torre d'alto valor) (sesta parte: Chiostro beato & santo Tu sei monte) (settima parte: Chiostro beato & santo No[n] ardirei) -- Frena frena il desir (seconda parte: Ove vai chi ti guida) (terza parte: Se di cosa mortal) (quarta parte: Fisa le luci) -- Non è alcu[n] mal si forte (seconda parte: O cor ingrato) (terza parte: Mira ingrato) (quarta parte: De come viver -- Cor mio dolente fuggi -- Ivi dal cielo aspetta -- Ne ti partir giammai -- Il benigno Giesù -- Ecco. Che bene è questo ohime (a8) -- Ecco. Non tesse mille inganni (a8).
=505  0\$aPer aspri monti viddi girne lieta Virgine -- Perch'in aspri dolori anima ti consumi -- Hor chi mi darà mai voci e parole -- Il pietoso Giesu Pendendo in croce -- Perche cosi facesti Dise al figliol la madre -- Mentre'l tuo lume splende -- Veder ne tuoi legami -- Dal tuo volto beato escono folgorando -- Foco d'amor divino -- Iesus dulcedo cordium -- S'hai per cosa gioconda -- Sopra'l fieno colcato -- Porta celato dentro -- Dio s'è fatto fanciullo -- Quel fanciullin che vede -- Cresci cresci Amor santo -- Chi no[n] ti conoscesse Giesu -- O dolcezza de gl'angioli e di santi -- Dialogo. Giesu ove ne vai -- Cantia[m] tutti cantiamo -- Hoggi nasce Maria -- A pie del'alta e trionphale palma -- Piangerò sempre o Dio -- Giesu diletto sposo -- Mentre'l mio spirto la[n]gue -- Vaghe lucenti stelle -- O gratiosa & pia che gl'Angeli inamori -- Hor no[n] nasce ciascun -- Andar vid'io'l gran Re del universo -- Qui lieta ne vai cinta -- O cor soave -- Intorno al fanciullin Giesu -- S'acceso hà del suo foco -- Dentro d'un nobil core -- Dali miei stanchi e ruggiadosi lumi -- O Fanciullin gentile -- Ben hor m'accorgo -- Giesù nel tuo partire -- Quando la vaga & risplendente aurora -- Prudenti Verginelle del so[m]mo Re -- Guidami o chiara stella -- Dialogo. Ah che stai cosi mesta -- Sopra'l fieno colcato (a2) -- Ecco spirituale. Qual fin fa chi di Dio -- Piedi beati & santi Che di so[m]ma pietà (seconda parte: Piedi beati e santi Che nudi e scalzi) (terza parte: Piedi beati & santi Quali hor) -- A pie del'alta & trionfale palma (seconda parte: O me dolente) (terza parte: Ond'io sospiro) -- Hoggi al ciel va vostr'alma genitrice (seconda parte: Ella sen va cinta) (terza parte: Spargon gl'alati) -- Mirando fissa & cheta (seconda parte: Di che vaga luce (terza parte: Al suon grato) --
=510  4\$aA. Einstein, 'Bibliography of Italian secular vocal music printed between the years 1500-1700, by Emil Vogel' (Tenth Installment), Notes, 5-1 (1947),$c65-96, no. 1591/10.
=510  4\$aRISM B/I,$c1591 ³
=546  \\$aItalian words.
=650  \0$aLaude.
=650  \0$aPart songs, Italian.
=700  1\$aCesi, Olimpia,$dactive 1591,$ededicatee.
=700  1\$aDonangeli, Ascanio,$dactive 1591-1592,$eprinter.
=700  1\$aDonangeli, Girolamo,$eprinter.
=700  1\$aGardane, Alessandro,$dactive 1575-1591,$eprinter.
=700  1\$aSoto de Langa, Francisco,$d1534-1619,$ecompiler.
=710  2\$aAscanio & Girolamo Donangeli (Firm),$eprinter.
=710  2\$aGardane (Firm),$eprinter.
=752  \\$aItaly$dRome.$2lcsh/naf
=856  41$uhttp://purl.org/rism/BI/1591/3$yDigitised score
=859  \\$aXLD$bDCW
=852  4\$cDRT$jDigital Store D.33.b.(2.)$aBritish Library$bMUSIC
=985  \\$aRecord amended for WR# 13/070
=985  \\$aname title to add; headings for Cesi, Olimpia, fl. 1591 and Donangeli, Girolamo not in NACO.
=985  \\$aCorrected by MS generated file for WR# 1805-0738
=CAT  \\$aBATCH-DCW$b00$c20171112$lBLL01$h0214
=CAT  \\$a1805-0738$c20190111$lBLL01$h1807
=CAT  \\$a1805-0738$b00$c20190111$lBLL01$h1828
=FIN  \\$aY$d20171112
=LKR  \\$aPAR$lBLL01$r776$b004469748$mIl quarto libro delle laudi a tre et quatro voci.$nIl quarto libro delle laudi a tre et quatro voci.
=DGM  \\$a004469748$bCatBridge variable field
=DRT  \\$aDCW
=SRC  \\$aDCW$bDCW_20171111
=OHC  \\$a2
=LAS  \\$a1805-0738$b00$c20190111$lBLL01$h1828

