=LDR  05345 cm a2200661 a 4500
=001  018600577
=003  Uk
=005  20171112021413.0
=007  cr\mn\024mpada
=008  930322s1598\\\\it\||z\\s\\\\\\\\\\\ita\\
=FMT  \\$a  MU
=019  d\$aef11510010
=040  \\$aUk$beng$cUk
=041  \\$aita$aspa$gita
=042  \\$aukblsr
=082  14$a780$215
=130  0\$aLaude spirituali (Soto de Langa),$nlibro 5.
=245  13$aIl quinto libro delle laudi spirituali, a tre, & quattro voci /$cdel Reverendo P. Francesco Soto, Sacerdote della Congregatione dell'Oratorio.
=264  \1$aIn Ferrara :$bAppresso Vittorio Baldini, Stampatore Camerale,$c1598.
=300  \\$a1 choir book ([156] pages) ;$c23 cm (4º)
=336  \\$anotated music$2rdacontent
=337  \\$acomputer$2rdamedia
=338  \\$aonline$2rdacarrier
=340  \\$m4to$2rdabf
=500  \\$aA blank page separates the 3 voice section from the 4 voice section; typography and numbering are different in each section.
=500  \\$aCollection of laude spirituali; the first 38 for 3 unaccompanied voices, the remainder for 4 unaccompanied voices.
=500  \\$aCopy at D.33.b.(3.). 80 leaves; original foliation: Section 1: [i-ii], 1, [2], 3-7, 5, 9, 4, 11-38 f. Section 2 is unnumbered, although the pieces bear a number from 1 to 14 (numbers include second parts); paper dimensions: 216 x 158 mm.$5Uk
=500  \\$aCopy at D.33.b.(3.). Digitised score at http://purl.org/rism/BI/1598/4.$5Uk
=500  \\$aDedication page in Italian to Cardinale Aldobrandino.
=500  \\$aTranscribed title page: Il Quinto Libro / DELLE LAVDI / SPIRITVALI, / A tre, & quattro voci / Del Reuerendo P. FRANCESCO SOTO / Sacerdote della Congregatione / dell'Oratorio. / IN FERRARA, / Appreßo Vittorio Baldini, Stampatore Camerale. 1598. / Con licenza de' Superiori. / Ad instanza delli RR.PP. di detta Congregatione.
=500  \\$aWith table of contents.
=505  0\$aPerche fai buon Giesù -- Da noi ti parti nobil peregrina -- Fanciul son'io di Regia -- Non si trova Giesù -- Signor la tua memoria -- Ferito m'hai Giesù -- Pianger sempre dovrei -- Fieri lacci, e catene -- Passati sono i giorni -- Anima il Signor viene -- Odiar quel ch'altri par soave -- Ogni cosa, ch'io veggo -- Ove vai Donna santa -- Io dormo, e'l mio cor veglia -- L'immensa luce -- Oime, che in pianto amaro -- Io son Agnella di Dio -- Chi mai udi tal cosa -- Bagnan doi rivi'l volto -- Vergine poverella -- Vergine santa, e bella -- Venisti alfin, venisti -- Muor' il giusto -- Come la tortorella -- Ave del mare stella -- Odi Giesù diletto -- Vergine pura, & chiara -- Io vò gridando gloria -- A che prendi Signor -- Interna sete ardente -- Vattene lieta , ò pura Verginella -- Odo Fanciul, che stride -- Sola se ne và piangendo -- Già de la vaga Aurora -- Foco divino ardente -- O cor falso nemico -- Gioia, & amore -- Niño que hoy nacido has (seconda parte: Mui claro tu ser descubre) -- Ave stella serena (seconda parte: Vergine singulare) -- Come assettata Cerva (seconda parte: Quando sarà giamai) -- Empiasi'l cor di gioia (seconda parte: Quella col frutto amaro) -- Perche lasciasti il ciel (seconda parte: Qui ti ristrinse) -- Che fai Alma, che guardi (seconda parte: Che fai Alma, che piangi) -- S'all'austral vento caldo (seconda parte: Col pianto i fieri ardori) -- Cecilia non sò più (seconda parte: Vinca priego il tuo lucido) -- Com'augel, che gran tempo messe penna (seconda parte: Lascia, ch'ove il desio) -- Mondo non mi parlar (seconda parte: Mondo che mi puoi dar) -- Giesù figliol di Dio (seconda parte: Ingrato e disleale) -- Dolce, cara, e gradita (seconda parte: Non trova altro) -- D'amoroso dolor (seconda parte: Cresce la forza) -- Non voglio viver più (seconda parte: Io non ti chiedo cielo) -- Solo e pensoso (seconda parte: Indi come huom).
=510  4\$aA. Einstein, 'Bibliography of Italian Secular Vocal Music Printed between the Years 1500-1700, by Emil Vogel' (Tenth Installment), Notes, 5-1 (1947),$c65-96, no. 1598/6.
=510  4\$aRISM B/I,$c1598 ⁴
=546  \\$aItalian or Spanish words, also printed separately at the back of the book.
=650  \0$aLaude.
=650  \0$aPart songs, Italian.
=700  1\$aBaldini, Vittorio,$d-1618,$eprinter.
=700  1\$aPasseri Aldobrandini, Cinzio,$d1551-1610,$ededicatee.
=700  1\$aSoto de Langa, Francisco,$d1534-1619,$ecompiler.
=710  2\$aVittorio Baldini (Firm),$eprinter.
=752  \\$aItaly$dFerrara.$2lcsh/naf
=856  41$uhttp://purl.org/rism/BI/1598/4$yDigitised score
=859  \\$aXLD$bDCW
=852  4\$cDRT$jDigital Store D.33.b.(3.)$aBritish Library$bMUSIC
=985  \\$aRecord amended for WR# 13/070
=985  \\$aname title to add
=985  \\$aCorrected by MS generated file for WR# 1805-0738
=CAT  \\$aBATCH-DCW$b00$c20171112$lBLL01$h0214
=CAT  \\$a1805-0738$c20190111$lBLL01$h1807
=CAT  \\$a1805-0738$b00$c20190111$lBLL01$h1828
=FIN  \\$aY$d20171112
=LKR  \\$aPAR$lBLL01$r776$b004469751$mIl quinto libro delle laudi spirituali, a tre, & quattro voci /$nIl quinto libro delle laudi spirituali, a tre, & quattro voci /
=DGM  \\$a004469751$bCatBridge variable field
=DRT  \\$aDCW
=SRC  \\$aDCW$bDCW_20171111
=OHC  \\$a1
=LAS  \\$a1805-0738$b00$c20190111$lBLL01$h1828

