=LDR  05265 cm a22008297  4500
=001  018600578
=003  Uk
=005  20171112021413.0
=007  cr\mn\024mpada
=008  930323s1586\\\\it\||z\\s\\\\\\\\\\\ita\\
=FMT  \\$a  MU
=019  d\$aej13580006
=040  \\$aUk$beng$cUk
=042  \\$aukblsr
=082  14$a780$215
=130  0\$aFloridi virtuosi d'Italia,$nlibro 3
=245  10$aDe floridi virtuosi d'Italia :$bil terzo libro de madrigali à cinque voci : novamente composti, & dati in luce.
=264  \1$aIn Venetia :$bPresso Giacomo Vincenzi & Ricciardo Amadino, compagni,$cMDLXXXVI [1586]
=300  \\$a5 part books ;$c24 x 18 cm (4º)
=336  \\$anotated music$2rdacontent
=337  \\$acomputer$2rdamedia
=338  \\$aonline$2rdacarrier
=340  \\$m4to$2rdabf
=500  \\$aCollection of madrigals in five parts (CATB5).
=500  \\$aCopy at C.123. Canto (12 leaves) Tenore (12 leaves) Quinto (12 leaves); original foliation: Canto: [i-ii], 1-22 p. Tenore: [i-ii], 1-22 p. Quinto: [i-ii], 1-22 p.; paper dimensions: Canto: up to 230 x 170 mm Tenore: up to 232 x up to 172 mm Quinto: 210 x 155 mm.$5Uk
=500  \\$aCopy at C.123. Digitised score at http://purl.org/rism/BI/1586/9.$5Uk
=500  \\$aDedication addressed to Guglielmo Gonzaga by Giacomo Vincenti, signed 'Di Venetia il dì 11 di Luglio 1586.'
=500  \\$aTitle from Canto part book.
=500  \\$aTranscribed title page from Canto part book: DE FLORIDI / VIRTVOSI / D'ITALIA, / IL TERZO LIBRO DE MADRIGALI / à Cinque Voci, nouamente composti, / & dati in luce. / IN VENETIA / Presso Giacomo Vincenzi, & Ricciardo Amadino, compagni. / M D LXXXVI.
=500  \\$aWith table of contents in the end.
=505  0\$aPer uscir di martire / Gio: Andrea Dragoni -- E con Aminta vai / Gio: Maria Nanino -- Clori gentil il vostro vago volto / Annibal Zoilo -- Cinthia mia dolce e cara / Nicola Parma -- Oime Se ne le vostre fresche rose / Girolamo Belli -- O di rare eccellenze al mondo sola / Oratio Vecchi -- Ninfe leggiadr'e belle / Alessandro Striggio -- O dolce anima mia / Hippolito Sabino -- Cara e dolce mia vita / Benedetto Pallavicino -- Temo ch'altri si goda il mio bel Sole / Felice Anerio -- Dolce Angioletta mia / D. Nicola Parma -- Le fiamme accese di cotanti sguardi / Michele Carrara -- Sol mirando vorrei Che senz'altre parole / Dominico Micheli -- Scherzando l'aura intorno ad un bel fiore / Gio. Andrea Dragone -- Dido chi giace entro quest'urna / Gio: Pier Luigi Palestrina -- L'aure soavi e li odorati fiori / Oratio Griffi -- Hor che soave l'aura ogni canto / Benedetto Pallavicino -- A che tormi il ben mio / Paolo Masenelli -- Caro dolce mio Amore / Annibal Coma -- Leggiadra pastorella Al giovinetto giorno / Bartholomeo Sponton -- Se mai piu t'amo e se mai piu t'honoro / Gio. Battista Mascaglia -- Donna mia casta e bella / Cesare Accelli.
=510  4\$aRISM B/I,$c1586 ⁹
=546  \\$aItalian words.
=650  \0$aMadrigals, Italian.
=700  1\$aAcelli, Cesare$dactive 1586-1588,$ecomposer.
=700  1\$aAmadino, Ricciardo,$dactive 1572-1621,$eprinter.
=700  1\$aAnerio, Felice,$dapproximately 1560-1614,$ecomposer.
=700  1\$aBelli, Girolamo,$d1552-approximately 1620,$ecomposer.
=700  1\$aCarra, Michele,$ecomposer.
=700  1\$aComa, Annibale,$ecomposer.
=700  1\$aDragoni, Giovanni Andrea,$dapproximately 1540-1598,$ecomposer.
=700  1\$aGonzaga, Guglielmo,$d1538-1587,$ededicatee.
=700  1\$aGriffi, Orazio,$ecomposer.
=700  1\$aMasnelli, Paolo,$d-1613,$ecomposer.
=700  1\$aMicheli, Domenico,$dapproximately 1540-approximately 1590,$ecomposer.
=700  1\$aMoscaglia, Giovanni Battista,$ecomposer.
=700  1\$aNanino, Giovanni Maria,$d1543 or 1544-1607,$ecomposer.
=700  1\$aPallavicino, Benedetto,$dapproximately 1551-1601,$ecomposer.
=700  1\$aParma, Nicolo,$dactive 1575-1613,$ecomposer.
=700  1\$aSabino, Ippolito,$dapproximately 1550-1593,$ecomposer.
=700  1\$aSpontone, Bartolomeo,$d1530-1592,$ecomposer.
=700  1\$aStriggio, Alessandro,$d1536 or 1537-1592,$ecomposer.
=700  1\$aVecchi, Orazio,$d1550-1605,$ecomposer.
=700  1\$aVincenti, Giacomo,$d-1619,$eprinter.
=700  1\$aZoilo, Annibale,$dapproximately 1537-1592,$ecomposer.
=752  \\$aItaly$dVenice.$2lcsh/naf
=856  41$uhttp://purl.org/rism/BI/1586/9$yDigitised score
=859  \\$aXLD$bDCW
=852  4\$cDRT$jDigital Store C.123.$aBritish Library$bMUSIC
=985  \\$aRecord amended for WR# 13/070
=985  \\$aname title to add
=985  \\$aCorrected by MS generated file for WR# 1805-0738
=CAT  \\$aBATCH-DCW$b00$c20171112$lBLL01$h0214
=CAT  \\$a1805-0738$c20190111$lBLL01$h1807
=CAT  \\$a1805-0738$b00$c20190111$lBLL01$h1828
=FIN  \\$aY$d20171112
=LKR  \\$aPAR$lBLL01$r776$b004503316$mDe floridi virtuosi d'Italia : il terzo libro de madrigali à cinque voci : novamente composti, & dati in luce.$nDe floridi virtuosi d'Italia : il terzo libro de madrigali à cinque voci : novamente composti, & dati in luce.
=DGM  \\$a004503316$bCatBridge variable field
=DRT  \\$aDCW
=SRC  \\$aDCW$bDCW_20171111
=OHC  \\$a1
=LAS  \\$a1805-0738$b00$c20190111$lBLL01$h1828

