=LDR  05959 cm a2200853 a 4500
=001  018600579
=003  Uk
=005  20171112021413.0
=007  cr\mn\024mpada
=008  930323s1595\\\\it\mdz\\s\\\\\\\\\\\ita\\
=FMT  \\$a  MU
=019  d\$aek00380120
=040  \\$aUk$beng$cUk
=041  \\$aita
=042  \\$aukblsr
=082  14$a780$215
=100  1\$aMarenzio, Luca,$d1553-1599.
=240  10$aMadrigals,$mvoices (5),$nbook 7
=245  13$aIl settimo libro de madrigali a cinque voci :$bnovamente composto & dato in luce /$cdi Luca Marenzio.
=264  \1$aIn Venetia :$bAppresso Angelo Gardano,$cMDLXXXXV [1595]
=300  \\$a4 part books ;$c15 x 20 cm (oblong 4º) +
=336  \\$anotated music$2rdacontent
=337  \\$acomputer$2rdamedia
=338  \\$aonline$2rdacarrier
=340  \\$m4to$2rdabf
=500  \\$aAll by Marenzio apart from 'Dhe dolc'anima mia' by Antonio Bicci.
=500  \\$aCollection of madrigals in five parts (SATBQ).
=500  \\$aCopy at B.270.b. CANTO (12 leaves), ALTO (12 leaves), TENORE (12 leaves), BASSO (12 leaves), QVINTO (12 leaves); original foliation: [i, ii], 1-21, [22] p. for each part book; paper dimensions: 145 x 199 mm (Canto, Alto, Tenore, Basso) 146 x 209 mm (Quinto).$5Uk
=500  \\$aCopy at B.270.b. Digitised score at http://purl.org/rism/BI/1595/10.$5Uk
=500  \\$aIncludes dedication by Luca Marenzio to Don Diego de Campo in Italian, dated 'Roma, il dì 20. Ottobre 1595', on the title page verso.
=500  \\$aTranscribed title page from canto part book: DI LVCA MARENZIO / IL SETTIMO LIBRO DE MADRIGALI / A CINQVE VOCI, / Nouamente Composto & dato in luce. / In Venetia Appresso Angelo Gardano. / M. D. LXXXXV.
=500  \\$aWith table of contents at the end.
=505  0\$aDeh poi ch'era ne' fati / [Luca Marenzio] -- Quell'augellin che canta / [Luca Marenzio] -- Prima parte. Cruda Amarilli che co'l nom'ancora Seconda parte. Ma grideran per me le piagg'e i monti / [Luca Marenzio] -- O disaventurosa acerba sorte / [Luca Marenzio] -- Al lume de le stelle / [Luca Marenzio] -- Ami Tirsi e me'l neghi / [Luca Marenzio] -- Prima parte. O dolcezz' amarissime d'amore Seconda parte. Qui pur vedroll'al suon de miei sospiri / [Luca Marenzio] -- Sospir nato de fuoco / [Luca Marenzio] -- Arda pur sempr'o mora / [Luca Marenzio] -- Prima parte. Questi vaghi concenti Seconda parte. Dhe se potessi anch'io / [Luca Marenzio] -- O fido o caro Aminta / [Luca Marenzio] -- O Mirtillo Mirtillo anima mia / [Luca Marenzio] -- Dhe dolc'anima mia / Antonio Bicci -- Come è dolce il gioire o vago Tirsi / [Luca Marenzio] -- Prima parte. Care mie Selve a Dio Seconda parte.Cosi ch'il crederia / [Luca Marenzio] -- Tirsi mio caro Tirsi / [Luca Marenzio] -- Ombrose e care selve / [Luca Marenzio].
=510  3\$aAgee, Richard J., The Gardano music printing firms, 1569-1611 (Woodbridge: University of Rochester Press, 1998).
=510  3\$aLincoln, Harry B., The Italian madrigal and related repertories: indexes to printed collections 1500-1600 (New Haven: Yale University Press, 1988).
=510  4\$aRISM B/I,$c1595 ¹⁰
=546  \\$aItalian words.
=650  \0$aMadrigals, Italian.
=700  1\$aCampo, Diego de,$dactive 16th century,$ededicatee.
=700  1\$aGardano, Angelo,$d1540-1611,$eprinter.
=700  12$aBicci, Antonio,$d1552-1614.$tDeh, dolc'anima mia.
=700  12$aMarenzio, Luca,$d1553-1599.$tMadrigals,$mvoices (5),$nbook 7.$pAl lume delle stelle.
=700  12$aMarenzio, Luca,$d1553-1599.$tMadrigals,$mvoices (5),$nbook 7.$pAmi Tirsi e me 'l neghi.
=700  12$aMarenzio, Luca,$d1553-1599.$tMadrigals,$mvoices (5),$nbook 7.$pArda pur sempr'o mora.
=700  12$aMarenzio, Luca,$d1553-1599.$tMadrigals,$mvoices (5),$nbook 7.$pCara mie selve a Dio.
=700  12$aMarenzio, Luca,$d1553-1599.$tMadrigals,$mvoices (5),$nbook 7.$pCom'è dolce il gioire o vago Tirsi.
=700  12$aMarenzio, Luca,$d1553-1599.$tMadrigals,$mvoices (5),$nbook 7.$pCruda Amarilli che co 'l nom'ancora.
=700  12$aMarenzio, Luca,$d1553-1599.$tMadrigals,$mvoices (5),$nbook 7.$pDeh poi ch'era ne' fati.
=700  12$aMarenzio, Luca,$d1553-1599.$tMadrigals,$mvoices (5),$nbook 7.$pO Mirtillo, Mirtillo anima mia.
=700  12$aMarenzio, Luca,$d1553-1599.$tMadrigals,$mvoices (5),$nbook 7.$pO disaventurosa acerba sorte.
=700  12$aMarenzio, Luca,$d1553-1599.$tMadrigals,$mvoices (5),$nbook 7.$pO dolcezze amarissime d'Amore.
=700  12$aMarenzio, Luca,$d1553-1599.$tMadrigals,$mvoices (5),$nbook 7.$pO fido, o caro Aminta.
=700  12$aMarenzio, Luca,$d1553-1599.$tMadrigals,$mvoices (5),$nbook 7.$pOmbrose e care selve.
=700  12$aMarenzio, Luca,$d1553-1599.$tMadrigals,$mvoices (5),$nbook 7.$pQuell'augellin che canta.
=700  12$aMarenzio, Luca,$d1553-1599.$tMadrigals,$mvoices (5),$nbook 7.$pQuesti vaghi concenti.
=700  12$aMarenzio, Luca,$d1553-1599.$tMadrigals,$mvoices (5),$nbook 7.$pSospir nato di fuoco.
=700  12$aMarenzio, Luca,$d1553-1599.$tMadrigals,$mvoices (5),$nbook 7.$pTirsi mio, caro Tirsi.
=710  2\$aGardane (Firm),$eprinter.
=752  \\$aItaly$dVenice.$2lcsh/naf
=856  41$uhttp://purl.org/rism/BI/1595/10$yDigitised score
=859  \\$aXLD$bDCW
=852  4\$cDRT$jDigital Store B.270.b.$aBritish Library$bMUSIC
=985  \\$aRecord amended for WR# 13/070
=985  \\$aCorrected by MS generated file for WR# 1805-0738
=CAT  \\$aBATCH-DCW$b00$c20171112$lBLL01$h0214
=CAT  \\$a1805-0738$c20190111$lBLL01$h1807
=CAT  \\$a1805-0738$b00$c20190111$lBLL01$h1828
=FIN  \\$aY$d20171112
=LKR  \\$aPAR$lBLL01$r776$b004507613$mIl settimo libro de madrigali a cinque voci : novamente composto & dato in luce /$nIl settimo libro de madrigali a cinque voci : novamente composto & dato in luce /
=DGM  \\$a004507613$bCatBridge variable field
=DRT  \\$aDCW
=SRC  \\$aDCW$bDCW_20171111
=OHC  \\$a1
=LAS  \\$a1805-0738$b00$c20190111$lBLL01$h1828

