=LDR  04091 cm a22006497  4500
=001  018600580
=003  Uk
=005  20171112021413.0
=007  cr\mn\024mpada
=008  930323s1578\\\\it\||z\\s\\\\\\\\\\\ita\\
=FMT  \\$a  MU
=019  d\$afa20650003
=040  \\$aUk$beng$cUk
=041  \\$aita$gita
=042  \\$aukblsr
=082  14$a780$215
=100  1\$aMosto, Giovanni Battista,$d-1596.
=240  10$aMadrigals,$mvoices (5),$nlibro 1
=245  13$aIl primo libro de madrigali a cinque voci, con ecco a dieci nel fine /$cdi Gio. Battista Mosto.
=250  \\$aNovamente posto in luce.
=264  \1$aIn Vineggia :$bAppresso l'herede di Girolamo Scotto,$cMDLXXVIII [1578]
=300  \\$a5 part books ;$c22 x 17 cm (4º)
=336  \\$anotated music$2rdacontent
=337  \\$acomputer$2rdamedia
=338  \\$aonline$2rdacarrier
=340  \\$m4to$2rdabf
=500  \\$aCollection of madrigals, all in 5 parts (SATB5) except for the last, which is in 10 parts.
=500  \\$aCopy at D.18. CANTO (12 leaves), ALTO (12 leaves), TENORE (12 leaves), BASSO (12 leaves), QVINTO (12 leaves); original pagination: Canto: [1-2], 3-23, [24] Alto: [1-2], 3-23, [24] Tenore: [1-2], 3-23, [24] Basso: [1-2], 3-23, [24] Quinto: [1-2], 3-23, [24]; paper dimensions: 214 x 160 mm.$5Uk
=500  \\$aCopy at D.18. Digitised score at http://purl.org/rism/BI/1578/22.$5Uk
=500  \\$aTitle from Canto part book.
=500  \\$aTranscribed title page from Canto part book: DI GIO. BATTISTA MOSTO / IL PRIMO LIBRO DE MADRIGALI / A CINQVE VOCI / Con vn Ecco a dieci nel fine. / Nouamente posto in luce. / IN VINEGGIA. / Appresso l'herede di Girolamo Scotto. / M D L X X VIII.
=500  \\$aWith table of contents.
=505  0\$aSparga al girar de l'onde -- Non mi curo che'l mo[n]do mi riprenda (seconda parte: Cosi dice ridendo) -- O liete piante o colli ameni (seconda parte: O secrete e fresch'ombre) / Claudio da Correggio -- Locar sopra gl'abissi (seconda parte: Signor fu poc'a la tua gra[n] possanza) -- Quivi sospiri pia[n]t'et alti guai -- Rugiadose dolcezze in matutini (seconda parte: Deh chi mi rupe'l sonn'al gran bisogno) -- Lasso che desiando vo quell ch'esser / Claudio da Correggio -- Si dolce m'e languire amor -- Due rose nate ambe d'un herba istessa -- Fuor de' lacci [d'amor lieto vivea] -- Canzon. Chi e fermato di menar sua vita) (seconda parte: Laura suave a cui govern'e vela) (terza parte: Chiuso gran te[m]po in questo cieco) (quarta parte: Come lume di notte in alcun porto) (quinta parte: Non per ch'io sia securo) (sesta parte: S'io esca vivo de' dubiosi scogli) -- Harebbe o Leonora l'angelico tuo viso -- Quanto piu cruda sete Donna tanto per voi piu m'ard'amore -- Ecco a 10. Ecco s'in questi boschi è la mia Fili.
=510  4\$aF. Lesure and C. Sartori, Bibliografia della musica italiana vocale profana pubblicata dal 1500 al 1700 (Pomezia, 1977),$cno. 1977
=510  4\$aRISM B/I,$c1578 ²²
=546  \\$aItalian words.
=650  \0$aMadrigals, Italian.
=700  1\$aContarini, Santo,$ededicatee.
=700  1\$aMerulo, Claudio,$d1533-1604,$ecomposer.
=700  1\$aScotto, Melchiorre,$dapproximately 1540-1613,$eprinter.
=752  \\$aItaly$dVenice.$2lcsh/naf
=856  41$uhttp://purl.org/rism/BI/1578/22$yDigitised score
=859  \\$aXLD$bDCW
=852  4\$cDRT$jDigital Store D.18.$aBritish Library$bMUSIC
=985  \\$aRecord amended for WR# 13/070
=985  \\$aname title to add
=985  \\$aCorrected by MS generated file for WR# 1805-0738
=CAT  \\$aBATCH-DCW$b00$c20171112$lBLL01$h0214
=CAT  \\$a1805-0738$c20190111$lBLL01$h1807
=CAT  \\$a1805-0738$b00$c20190111$lBLL01$h1828
=FIN  \\$aY$d20171112
=LKR  \\$aPAR$lBLL01$r776$b004538263$mIl primo libro de madrigali a cinque voci, con ecco a dieci nel fine /$nIl primo libro de madrigali a cinque voci, con ecco a dieci nel fine /
=DGM  \\$a004538263$bCatBridge variable field
=DRT  \\$aDCW
=SRC  \\$aDCW$bDCW_20171111
=OHC  \\$a1
=LAS  \\$a1805-0738$b00$c20190111$lBLL01$h1828

