=LDR  08965 cm a22008657  4500
=001  018600581
=003  Uk
=005  20171112021413.0
=007  cr\mn\024mpada
=008  930325s1583\\\\gw\||z\\s\\\\\\\\\\\mul\\
=FMT  \\$a  MU
=019  d\$aff03450002
=040  \\$aUk$beng$cUk
=041  \\$amul$glat$gger
=042  \\$aukblsr
=082  14$a780$215
=100  1\$aPaix, Jakob,$d1556-
=245  14$aEin schön nutz- unnd gebreüchlich Orgel Tabulaturbuch :$bDarinnen etlich der berümbten Componisten, beste Moteten, mit 12. 8. 7. 6. 5. und 4. Stimmen ausserlesen, dieselben auff alle fürneme Festa des gantzen Ja[h]rs, und zu dem Chormas gesetzt. Zu letzt auch allerhand der schönsten Lieder, Pass' è mezzo und Täntz, alle mit grossem fleiss Coloriert. Zu treuem dienst den liebhabern di[e]ser Kunst, selb Corrigiert und in Truck verwilligt.
=264  \1$aLaugingen :$bIn Verlegung Georgen Willers,$c1583.
=300  \\$a1 score ;$c31 x 21 cm (folio)
=336  \\$anotated music$2rdacontent
=337  \\$acomputer$2rdamedia
=338  \\$aonline$2rdacarrier
=340  \\$mfolio$2rdabf
=500  \\$aCollection of motets, songs (French, German), and dances, ranging from four to twelve parts for organ in tablature. 56 pieces in four parts, 25 in five parts, 10 in six parts, 1 piece in seven parts, 2 in eight parts, and 1 in twelve parts.
=500  \\$aCopy at Hirsch III.455. 178 leaves; paper dimensions: 305 x 210 mm.$5Uk
=500  \\$aCopy at Hirsch III.455. Digitised score at http://purl.org/rism/BI/1583/23.$5Uk
=500  \\$aThe composer I.P.O. is possibly Jacob Paix. RISM lists E.M.O. as Elias Mertel and A.P.O. as Aegidius Paix, so it follows that Paix might have identified himself as I.P.O. [Iacob Paix].
=500  \\$aTranscribed title page: Ein Schön / Nutz vnnd Ge= / breüchlich Orgel Tabulaturbůch. / Darinnen etlich der berümbten Componi= / sten, beste Moteten, mit 12. 8. 7. 6. 5. / vnd 4. Stimmen ausserlesen, dieselben auff / alle fürneme Festa des gantzen Jars, vnd zu / dem Chormas gesetzt. Zů letzt auch aller= / hand der schönsten Lieder, Pass' è mezzo / vnd Täntz, Alle mit grossem fleiss Coloriert. / Zů trewem dienst den liebhabern diser / Kunst, selb Corrigiert vnd in / Truck verwilligt. / Von / Iacobo Paix Augustano, diser zeit / Organist zů Laugingen. / In verlegung Georgen Willers. / Getruckt bey Leonhart Reinmichel, / Fürst[licher] Pfalz[ischer] Bůchtrucker zů Laugingen. / Cum gratia & Priuilegio. / M.D.XXCIII.
=505  0\$aCerta fortiter: Ora ferventer / Orlandi -- Congratulamini mihi omnes (secunda pars: Tulerunt Dominum meum) -- Angelus Domini (secunda pars: Et introeuntes) -- Surgens Jesus -- Viri Galilei (secunda pars: Ascendit Deus in Jubilatione) -- Jubilate Domino -- Veni sancte Spiritus (secunda pars: O Lux beatissima) -- Dum Complerentur (secunda pars: Dum ergo essent) -- O Beata & gloriosa Trinitas (O Vera summa sempiterna Trinitas) -- Jerusalem plantabis vinean (Gaude & Laetare Jacob) -- Hodie Christus natus est -- Laudate Dominum omnes gentes -- Haec dies quam fecit Dominus -- Nuncium vobis (secunda pars: Thus Deo mirrham) -- Lapidabant Stephanum -- Valde honorandus est -- Senex puerum (secunda pars: Hodie Beata virgo Maria) -- Tribus miraculis -- Ave Maria -- Vita in ligno (secunda pars: Qui Prophetice) (tertia pars: Qui expansis) -- Cantantibus Organis (secunda pars: Biduanis ac triduanis) -- Beati omnes (secunda pars: Ecce sic benedicetur) -- Decantabat populus in Israel -- Da pacem Domine -- Domine quid multiplicati sunt -- Pater noster (Phantasia primi toni) (Phantasia septimi toni) -- Benedictio, et claritas / Orlandi -- Alma de Amor -- Nasce la pena mia -- Le de partir -- Resonet in laudibus -- Erhalt uns Herr -- Susanna frum[b] -- Non elasso martire -- Onques amour -- Es coutetz (secunda pars: Fan Fan Feyne) -- Ist keiner hie -- Im Mayen -- Mein Man der ist in Krieg zoge[n] (Ander theil: In welchs Hauss wölt jr dan[n] ziehe[n]) -- Elle s'en vademoy -- Der Liendel alle tag, trat zů der (Ander theil: Lauff mein lieber Leindel lauff) -- Es was ein mal eins Baurn Dö[cht] -- Der Liendel alle tag, der war &c. -- Auff gnad so wil ichs heben an -- Recht so man acht unnd wol &c. -- Je ne veulx rien -- Monsieur Labbè -- Bon jour mon -- Alix avoit -- Ich armes Medlein klag mich &c. -- Da bei rami -- Schöne zucht &c. -- Bewar mich Herr, und sey --
=505  0\$aZucht Ehr unnd Lob wohnet &c. -- Pass è mezzo Antico -- Saltarello -- Pass è mezzo Coloriert -- Saltarello -- Pass è mezzo novo -- Saltarello -- Pass è mezzo La parenzina -- Saltarello -- Un altro Pass è mezzo novo -- Saltarello -- Padoana Venetiana -- Galliarda nova -- Branle comune -- Branle -- Galliarda -- Branle gay -- Ein gůter gar Newer T[eutscher] Tantz (Nachtantz) / I.P.O. -- Ein gůter gar Newer Teu[tscher] Tantz (Nachtantz) / A.P.O. -- Ein gůter gar Newer Teu[tscher] Tantz (Nachtantz) / E.M.O. -- Der Keyserin Tantz (Nachtantz) -- Ein gůter gar Newer Teu[tscher] Tantz (Nachtantz) / I.P.O. -- Auss frischem freyem můth (Nachtantz) -- Ungarescha -- Saltarello -- Du hast mich wöllen nemmen (Nachtantz) / I.P.O. -- Ein gůter Newer Teu[tscher] Tantz (Nachtantz) -- Ein gůter Newer Teu[tscher] Tantz (Nachtantz) / A.P.O. -- Ein gůter Newer T[eutscher] Tantz (Nachtantz) / A.P.O. -- Ein gůter Newer Teu[tscher] Tantz (Nachtantz) -- Ist mir ein fein braun Meg.(Nachtantz) -- Es wolt ein Med. ein Schr. (Nachtantz) -- Proportio invers. -- Ballo Francese -- Saltarello -- Ballo Angelese -- Saltarello -- Aria di Canzon -- Aria di Canzon fracese personar del' ottavo tono -- L' arboscello ballo Furlano -- Ballo Millanese -- Schirazula Marazula.
=510  4\$aRISM B/I,$c1583 ²³
=650  \0$aMotets.
=650  \0$aSongs with organ.
=650  \0$aTablature (Music)
=700  0\$aJosquin,$cdes Prez,$d-1521,$ecomposer.
=700  1\$aBourges, Clément de,$ecomposer.
=700  1\$aClemens non Papa, Jacobus,$dapproximately 1510-approximately 1555,$ecomposer.
=700  1\$aCrecquillon, Thomas,$d-1557?,$ecomposer.
=700  1\$aJanequin, Clément,$dapproximately 1495-approximately 1560,$ecomposer.
=700  1\$aLasso, Orlando di,$d1532-1594,$ecomposer.
=700  1\$aLobbetius, Johann,$ededicatee.
=700  1\$aMertel, Elias,$dapproximately 1561-1626,$ecomposer.
=700  1\$aMonte, Philippe de,$d1521-1603,$ecomposer.
=700  1\$aPaix, Aegidius,$ecomposer.
=700  1\$aPaix, Gilis,$dactive 1583-90,$ecomposer.
=700  1\$aPaix, Jakob,$d1556-$ecomposer and editor.
=700  1\$aPalestrina, Giovanni Pierluigi da,$d1525?-1594,$ecomposer.
=700  1\$aReinmichel, Leonhard,$dactive 1578-1600,$eprinter.
=700  1\$aRiccio, Teodoro,$dapproximately 1540-approximately 1600,$ecomposer.
=700  1\$aRore, Cipriano de,$d1515 or 1516-1565,$ecomposer.
=700  1\$aSenfl, Ludwig,$dapproximately 1486-1542 or 1543,$ecomposer.
=700  1\$aStriggio, Alessandro,$d1536 or 1537-1592,$ecomposer.
=700  1\$aUtendal, Alexander,$dapproximately 1544-1581,$ecomposer.
=700  1\$aVento, Ivo de,$dapproximately 1540-1575,$ecomposer.
=700  1\$aWalter, Johann,$d1496-1570,$ecomposer.
=700  1\$aWillers, Georg,$eprinter.
=700  1\$aZirler, Stephan,$dapproximately 1520-1568,$ecomposer.
=752  \\$aGermany$dLauingen.$2lcsh/naf
=856  41$uhttp://purl.org/rism/BI/1583/23$yDigitised score
=859  \\$aXLD$bDCW
=852  4\$cDRT$jDigital Store Hirsch III.455.$aBritish Library$bMUSIC
=985  \\$aRecord amended for WR# 13/070
=985  \\$aname title to add
=985  \\$aCorrected by MS generated file for WR# 1805-0738
=CAT  \\$aBATCH-DCW$b00$c20171112$lBLL01$h0214
=CAT  \\$a1805-0738$c20190111$lBLL01$h1807
=CAT  \\$a1805-0738$b00$c20190111$lBLL01$h1828
=FIN  \\$aY$d20171112
=LKR  \\$aPAR$lBLL01$r776$b004566938$mEin schön nutz- unnd gebreüchlich Orgel Tabulaturbuch : Darinnen etlich der berümbten Componisten, beste Moteten, mit 12. 8. 7. 6. 5. und 4. Stimmen ausserlesen, dieselben auff alle fürneme Festa des gantzen Ja[h]rs, und zu dem Chormas gesetzt. Zu letzt auch allerhand der schönsten Lieder, Pass' è mezzo und Täntz, alle mit grossem fleiss Coloriert. Zu treuem dienst den liebhabern di[e]ser Kunst, selb Corrigiert und in Truck verwilligt.$nEin schön nutz- unnd gebreüchlich Orgel Tabulaturbuch : Darinnen etlich der berümbten Componisten, beste Moteten, mit 12. 8. 7. 6. 5. und 4. Stimmen ausserlesen, dieselben auff alle fürneme Festa des gantzen Ja[h]rs, und zu dem Chormas gesetzt. Zu letzt auch allerhand der schönsten Lieder, Pass' è mezzo und Täntz, alle mit grossem fleiss Coloriert. Zu treuem dienst den liebhabern di[e]ser Kunst, selb Corrigiert und in Truck verwilligt.
=DGM  \\$a004566938$bCatBridge variable field
=DRT  \\$aDCW
=SRC  \\$aDCW$bDCW_20171111
=OHC  \\$a1
=LAS  \\$a1805-0738$b00$c20190111$lBLL01$h1828

