=LDR  04656 cm a22006137  4500
=001  018600582
=003  Uk
=005  20171112021413.0
=007  cr\mn\024mpada
=008  930325s1596\\\\it\||z\\s\\\\\\\\\\\ita\\
=FMT  \\$a  MU
=019  d\$aff04140003
=040  \\$aUk$beng$cUk
=041  \\$aita$gita
=042  \\$aukblsr
=082  14$a780$215
=100  1\$aPallavicino, Benedetto,$dapproximately 1551-1601.
=240  10$aMadrigals,$mvoices (5),$nbook 4
=245  13$aIl quarto libro de madrigali à cinque voci /$cdi Benedetto Pallavicino Maestro di Capelle del Serenissimo Signor Duca di Mantuo. Novamente ristampato.
=260  \\$aIn Venetia :$bAppresso Angelo Gardano,$c1596.
=300  \\$a5 part books ;$c16 x 23 cm (obl. 4o)
=336  \\$anotated music$2rdacontent
=337  \\$acomputer$2rdamedia
=338  \\$aonline$2rdacarrier
=500  \\$a19 five part madrigals by Pallavicino, except for no.15 which is by Alfonso Preti. Nos. 9, 12 and 19 are in two sections.
=500  \\$aCollection of madrigals in five parts (SSATB, SAATB, SATTB), with table of contents at the end of each part book.
=500  \\$aCopy at K.1.c.30. Canto (14 leaves), Quinto (14 leaves), Alto (14 leaves), Tenore (14 leaves), Basso (14 leaves); original pagination: Canto: [i-ii],1 - 26 p. Quinto: [i-ii],1 - 25, [26] p. Alto: [i-ii],1 - 26 p. Tenore: [i-ii],1 - 25 p. Basso: [i-ii],1 - 25, [26] p.; paper dimensions: 150 x 202 mm.$5Uk
=500  \\$aCopy at K.1.c.30. Digitised score at http://purl.org/rism/BI/1596/16.$5Uk
=500  \\$aDedication to Vincenzo Gonzaga, Duke of Mantua from Pallavicino on verso of title page in each part book.
=500  \\$aTranscribed title page from canto part book: CANTO / DI BENEDETTO PALLAVICINO / MAESTRO DI CAPELLE DEL SERENISSIMO / SIGNOR DVCA DI MANTVA / Il Quarto Libro di Madrigali à Cinque Voci / Nouamente Ristampato. / [Printer's device] / In Venetia Appresso Angelo Gardano / M.D.LXXXXVI.
=505  0\$aMentre che di qui d'intorno / Benedetto Pallavicino -- Si mi dicesti ed'io / Benedetto Pallavicino -- Non mirar no[n] mirare / Benedetto Pallavicino -- Non mi ferir piu amore / Benedetto Pallavicino -- Tutt'eri foco amore quand'arsi prima / Benedetto Pallavicino -- Ben è ragion ch'io t'ami / Benedetto Pallavicino -- Arte mi siano i crini / Benedetto Pallavicino -- Con che soavità labbia odorate / Benedetto Pallavicino -- Filli cara & amata. (Risposta: Dunque Aminta mio caro) / Benedetto Pallavicino -- Hor liet'il pesce / Benedetto Pallavicino -- Se voi sete il mio core / Benedetto Pallavicino -- La tua car'Amarilli (Seconda parte: Rispose egli piu rara) / Benedetto Pallavicino -- Hor ch'a la bella Clori / Benedetto Pallavicino -- Giunto che m'hebb'amor / Benedetto Pallavicino -- Tra mille fior già colti in dolce speco / Alfonso Preti -- Occhi un tempo mia vita / Benedetto Pallavicino -- Arsi piansi e cantai / Benedetto Pallavicino -- Perfida pur potesti / Benedetto Pallavicino -- Passa la nave tua che porta. (Seconda parte: Nebbia no[n] lenta mai di feri sdegni) / Benedetto Pallavicino.
=510  4\$aFlanders, Peter. Thematic index to the works of Benedetto Pallavicino. Hackensack, N.J. J. Boonin, 1974. (Music indexes and bibliographies, no.11).
=510  4\$aPallavicino, Benedetto. Opera omnia; ediderunt Peter Flanders, Kathryn Bosi Monteath. II, Il terzo libro de madrigali a cinque voci, 1585 ; Il quarto libro de madrigali a cinque voci, 1588 / [edited by] Kathryn Bosi Monteath. Neuhausen : American Institute of Musicology : Hänssler-Verlag, 1983. (Corpus mensurabilis musicae ; 89).
=510  4\$aRISM B/I,$c1596 ¹⁶
=546  \\$aItalian words.
=650  \0$aMadrigals, Italian.
=700  0\$aVincenzo$bI Gonzaga,$cDuke of Mantua,$d1562-1612,$ededicatee.
=700  1\$aGardano, Angelo,$d1540-1611,$eprinter.
=700  1\$aPallavicino, Benedetto,$dapproximately 1551-1601,$ecomposer.
=700  1\$aPreti, Alfonso,$dactive 1586-92,$ecomposer.
=752  \\$aItaly$dVenice.$2lcsh/naf
=856  41$uhttp://purl.org/rism/BI/1596/16$yDigitised score
=859  \\$aXLD$bDCW
=852  4\$cDRT$jDigital Store K.1.c.30.$aBritish Library$bMUSIC
=985  \\$aRecord amended for WR# 13/070
=985  \\$aname title to add
=CAT  \\$aBATCH-DCW$b00$c20171112$lBLL01$h0214
=FIN  \\$aY$d20171112
=LKR  \\$aPAR$lBLL01$r776$b004567523$mIl quarto libro de madrigali à cinque voci /$nIl quarto libro de madrigali à cinque voci /
=DGM  \\$a004567523$bCatBridge variable field
=DRT  \\$aDCW
=SRC  \\$aDCW$bDCW_20171111
=OHC  \\$a1
=LAS  \\$aBATCH-DCW$b00$c20171112$lBLL01$h0214

