=LDR  03793 cm a22006377  4500
=001  018600583
=003  Uk
=005  20171112021413.0
=007  cr\mn\024mpada
=008  930329s1589\\\\it\||z\\s\\\\\\\\\\\ita\\
=FMT  \\$a  MU
=019  d\$afm16800004
=040  \\$aUk$beng$cUk
=041  \\$aita
=042  \\$aukblsr
=082  14$a780$215
=100  1\$aSabino, Ippolito,$dapproximately 1550-1593.
=240  10$aMadrigals,$mvoices (5-6),$nbook 7
=245  13$aIl settimo libro de madrigali à cinque, & à sei voci /$cdi Hippolito Sabino, all'illustrissimo et eccellentissimo Principe di Molfetta, nuovamente composte, & date in luce.
=264  \1$aIn Venetia :$bAppresso Giacomo Vincenti,$cMDLXXXIX [1589]
=300  \\$a5 part books ;$c22 x 16 cm (4º)
=336  \\$anotated music$2rdacontent
=337  \\$acomputer$2rdamedia
=338  \\$aonline$2rdacarrier
=340  \\$m4to$2rdabf
=500  \\$aA collection of madrigals in six parts (CATB56).
=500  \\$aCopy at D.7. Canto (12 leaves) Alto (12 leaves) Tenore and Sesto (16 leaves) Basso (12 leaves) Quinto (12 leaves); original foliation: Canto: [i-ii], [1], 2-21, [22] p. Alto: [i-ii], [1], 2-21, [22] p. Tenore and Sesto: [i-ii], [1], 2-13, 14, 14, 15, 15, 16, 16, 17, 17, 18, 18, 19, 19, 20, 20, 21, 21, [30] p. Basso: [i-ii], 1-21, [22] p. Quinto: [i-ii], [1], 2-21, [22] p.; paper dimensions: 214 x 151 mm.$5Uk
=500  \\$aCopy at D.7. Digitised score at http://purl.org/rism/BI/1589/16.$5Uk
=500  \\$aThe sesto part is printed with the tenor.
=500  \\$aTitle from Canto part book.
=500  \\$aTranscribed title page from Canto part book: DI HIPPOLITO / SABINO / IL SETTIMO LIBRO DE MADRIGALI / A Cinque, & à Sei voci. / ALL'ILLVSTRISSIMO ET ECCELLENTISSIMO / Principe di Molfetta. / Nuouamente composte, & date in luce. / IN VENETIA, Appresso Giacomo Vincenti. / M D L XXXIX.
=500  \\$aWith table of contents.
=505  0\$aO di saggio e grand'Avo alto Nepote (Se non voi che de l'un) -- La pastorella mia Amorosetta e pia -- Ferimmi Amor il fianco -- E la mia vita Amara (seconda parte: Ma se di me ti cal) -- Perfido e giunto il fine (seconda parte: Ecco i mi discoloro) -- Dove gentil mia Clori Te ne vai (seconda parte: Arresta all'hor il corso) -- Rendea si lieto il giorno (Poi d'invidia ripieno) -- Mentre i soavi fiori Tra corali cogliea / Gio: Francesco Sabino -- Tante piaghe ha'al mio core -- Ahi crud'Amor se'l pianto -- Hor come il pianto el foco (seconda parte: Con questi effetti Amore) -- Sovra verdi Arboscelli -- Dunque con caldo affetto -- Dolci soavi e cari Baci a venir si avari -- Occhi perche piangete / Oratio Crisci.
=510  4\$aRISM B/I,$c1589 ¹⁶
=546  \\$aItalian words.
=650  \0$aMadrigals, Italian.
=700  1\$aCrisci, Oratio,$dactive 1581-1589,$ecomposer.
=700  1\$aGonzaga, Ferrante,$d1507-1557,$ededicatee.
=700  1\$aVincenti, Giacomo,$d-1619,$eprinter.
=752  \\$aItaly$dVenice.$2lcsh/naf
=856  41$uhttp://purl.org/rism/BI/1589/16$yDigitised score
=859  \\$aXLD$bDCW
=852  4\$cDRT$jDigital Store D.7.$aBritish Library$bMUSIC
=985  \\$aRecord amended for WR# 13/070
=985  \\$aname title to add
=985  \\$aCorrected by MS generated file for WR# 1805-0738
=CAT  \\$aBATCH-DCW$b00$c20171112$lBLL01$h0214
=CAT  \\$a1805-0738$c20190111$lBLL01$h1807
=CAT  \\$a1805-0738$b00$c20190111$lBLL01$h1828
=FIN  \\$aY$d20171112
=LKR  \\$aPAR$lBLL01$r776$b004630709$mIl settimo libro de madrigali à cinque, & à sei voci /$nIl settimo libro de madrigali à cinque, & à sei voci /
=DGM  \\$a004630709$bCatBridge variable field
=DRT  \\$aDCW
=SRC  \\$aDCW$bDCW_20171111
=OHC  \\$a1
=LAS  \\$a1805-0738$b00$c20190111$lBLL01$h1828

