=LDR  05263 cm a2200673 a 4500
=001  018600584
=003  Uk
=005  20171112021413.0
=007  cr\mn\024mpada
=008  930329s1573\\\\be\||z\\s\\\\\\\\\\\zxx\\
=FMT  \\$a  MU
=019  d\$agc10840001
=040  \\$aUk$beng$cUk
=042  \\$aukblsr
=082  14$a780$215
=100  0\$aFrancesco,$cda Milano,$d1497-1543.
=240  10$aLute music.$kSelections
=245  10$aSelectissimorum pro testudine carminum liber :$bcontinens optimas aliquot fantasias, paduanas, passomezos & gaillardas /$cà Francisco & Petro Paulo mediolanensibus, alijsque praestantissimis divinae musices auctoribus, compositas.
=264  \1$aLovanij :$bExcudebat Petrus Phalesius, sibi & Joanni Bellero, Bibliopolae Antuerpiensi,$cMDLXXIII [1573]
=300  \\$a1 v. of music (unpaged) ;$c16 x 21 cm (oblong 4º)
=336  \\$anotated music$2rdacontent
=337  \\$acomputer$2rdamedia
=338  \\$aonline$2rdacarrier
=340  \\$m4to$2rdabf
=500  \\$a'Paduana duabus testud.' and 'Carracossa' are both for two lutes.
=500  \\$aA new edition of Carminum pro testudine. Liber iiii (Leuven: Phalèse, 1546), RISM 1546 ²⁸.
=500  \\$aAttributions taken from Henri Vanhulst, Catalogue des éditions de musique publiées à Louvain par Pierre Phalèse et ses fils 1545-1578 (Brussels: Palais des Académis, 1990), No. 168 and No. 3.
=500  \\$aCollection of music for 1 or 2 lutes in tablature including fantasias, pavans, galliards and other dances.
=500  \\$aCopy at K.1.c.8.(2.). 40 leaves; paper dimensions: 150 x 197 mm.$5Uk
=500  \\$aCopy at K.1.c.8.(2.). Digitised score at http://purl.org/rism/BI/1573/23.$5Uk
=500  \\$aTranscribed title page: SELECTISSIMORVM PRO / TESTVDINE CARMINVM LIBER. / Continens optimas aliquot Fantasias, Paduanas, Passomezos & Gaillardas, à Francisco & / Petro Paulo Mediolanensibus, alijsque praestanti[ss]imis diuinae Musices / auctoribus, compositas. / LOVANII. / Excudebat Petrus Phalesius, sibi & Ioanni Bellero Bibliopolae Antuerpiensi. / M. D. LXXIII.
=500  \\$aWith woodcut of musicians on the title page.
=505  0\$aFantasia / Francisci Mediolanensis -- Fantasia / Francisci Mediolanensis -- Fantasie / de Francoys de Milan -- Fantasia / de Petro Paulo da Milano -- Fantasia / da Francesco da Milana -- Fantasie / de Pierre Paule Barron -- Paduana I / [Pietro Paolo Borrono] -- Paduana -- Paduana III / [Pietro Paolo Borrono] - Paduana / [Pietro Paolo Borrono ] -- Paduana V / [Pietro Paolo Borrono ] -- Paduana VI / [Pietro Paolo Borrono ] -- Paduana VII / [Pietro Paolo Borrono ] -- Paduana VIII / [Pietro Paolo Borrono ] - [untitled pavan] / [Pietro Paolo Borrono ] -- Paduana X -- Paduana XI - Paduana -- Passa mezo a la batailla -- Passa mezo deuaccas - Paduana -- Paduana duabus testud. -- Passa mezo - Paduana - Paduana -- Gailiarda I -- Galiarda II / [Pietro Paolo Borrono] -- Galiarda III [Pietro Paolo Borrono ] -- Galiarda IIII / [Pietro Paolo Borrono] -- Galiarda V / [Pietro Paolo Borrono] -- Galiarda VI / [Pietro Paolo Borrono] -- Galiarda VII / [Pietro Paolo Borrono] -- Galiarda VIII / [Pietro Paolo Borrono] -- Galiarda IX / [Pietro Paolo Borrono] -- Galiarda X / [Pietro Paolo Borrono] -- Galiarda XI / [Pietro Paolo Borrono] -- Galiarda XII / [Pietro Paolo Borrono] -- [Untitled galliard] / [Pietro Paolo Borrono] - Galiarda / [Pietro Paolo Borrono] -- [Untitled Galliard] / [Pietro Paolo Borrono] -- [Untitled Galliard] - Galiarda - Bourata - Bourata - Almande - Almande -- Quatre branles - Carracossa - Romanescha.
=510  4\$aH.M. Brown, Instrumental music printed before 1600 : a bibliography (Cambridge, MA: Harvard University Press, 1965),$cno. 1573/8
=510  4\$aHenri Vanhulst, Catalogue des éditions de musique publiées à Louvain par Pierre Phalèse et ses fils 1545-1578 (Brussels: Palais des Académis, 1990),$cno. 168
=510  4\$aRISM B/I,$c1573 ²³
=650  \0$aLute music
=650  \0$aTablature (Music)
=700  1\$aBeller, Jean,$d1526-1595,$eprinter.
=700  1\$aBorrono, Pietro Paolo.$tLute music.$kSelections.
=700  1\$aPhalèse, Pierre,$dapproximately 1510-$eprinter.
=710  2\$aPierre Phalèse & Jean Beller (Firm),$eprinter.
=752  \\$aBelgium$dLouvain.$2lcsh/naf
=856  41$uhttp://purl.org/rism/BI/1573/23$yDigitised score
=859  \\$aXLD$bDCW
=852  4\$cDRT$jDigital Store K.1.c.8.(2.)$aBritish Library$bMUSIC
=985  \\$aRecord amended for WR# 13/070
=985  \\$aname title to add
=985  \\$aCorrected by MS generated file for WR# 1805-0738
=CAT  \\$aBATCH-DCW$b00$c20171112$lBLL01$h0214
=CAT  \\$a1805-0738$c20190111$lBLL01$h1807
=CAT  \\$a1805-0738$b00$c20190111$lBLL01$h1828
=FIN  \\$aY$d20171112
=LKR  \\$aPAR$lBLL01$r776$b004651355$mSelectissimorum pro testudine carminum liber : continens optimas aliquot fantasias, paduanas, passomezos & gaillardas /$nSelectissimorum pro testudine carminum liber : continens optimas aliquot fantasias, paduanas, passomezos & gaillardas /
=DGM  \\$a004651355$bCatBridge variable field
=DRT  \\$aDCW
=SRC  \\$aDCW$bDCW_20171111
=OHC  \\$a1
=LAS  \\$a1805-0738$b00$c20190111$lBLL01$h1828

