=LDR  04842 cm a22007457  4500
=001  018600585
=003  Uk
=005  20171112021413.0
=007  cr\mn\024mpada
=008  930329s1584\\\\it\||z\\s\\\\\\\\\\\ita\\
=FMT  \\$a  MU
=019  d\$age19110001
=040  \\$aUk$beng$cUk
=042  \\$aukblsr
=082  14$a780$215
=245  00$aSpoglia amorosa :$bmadrigali à cinque voci /$cdi diversi eccellentissimi musici.
=250  \\$aNuovamente posti in luce.
=264  \1$aIn Vinegia :$bAppresso L'herede di Girolamo Scotto,$cMDLXXXIIII [1584]
=300  \\$a5 part books ;$c24 x 18 cm (4º)
=336  \\$anotated music$2rdacontent
=337  \\$acomputer$2rdamedia
=338  \\$aonline$2rdacarrier
=340  \\$m4to$2rdabf
=500  \\$aCollection of madrigals in five parts (SATB5).
=500  \\$aCopy at D.202. Digitised score at http://purl.org/rism/BI/1584/5.
=500  \\$aCopy at D.202. [ALTO] (14 leaves) TENORE (16 leaves) BASSO (16 leaves) QVINTO (16 leaves); original foliation: Alto: 3-6, [pages 7, 8 lacking], 9-31, [32] Tenore: [1-2], 1-31, [32] Basso: [1-2], 1-31, [32] Quinto: [1-2], 8, 7, 3-6, 9-31, [32]; paper dimensions: 218 x 152 mm (alto, tenore and basso secondo part books), 205 x 150 mm (quinto part book).$5Uk
=500  \\$aTitle from Tenore part book.
=500  \\$aTranscribed title page from Tenore part book: SPOGLIA AMOROSA / MADRIGALI A CINQVE VOCI / DI DIVERSI ECCELLENTISSIMI MVSICI / Nuouamente posti in luce. / IN VINEGIA Appresso l'Herede di Girolamo Scotto. / M. D. LXXXIIII.
=500  \\$aWith table of contents.
=505  0\$aVestiva i colli (seconda parte: Cosi le chiome mie) / Gianetto Palestina -- Mirami vita mia / Claudio da Correggio -- Erano i capei d'oro (seconda parte: Non era l'andar suo) / Gio: Maria Nanino -- Morir non puo'l mio core / Gio: Maria Nanino -- Mentre ti fui si grato / Gio: Maria Nanino -- Che poi [tu farmi] / Rugero Giovanelli -- Cantai mentre ch'i arsi / Cipriano Rore -- Da le perle e rubini / Claudio da Correggio -- Amor deh dimmi come / Gio: Maria Nanino -- Cari scogli dilett'e fide arene (seconda parte: O solitari colli) / Filippo di Monte -- Che fai alma che pensi (seconda parte: Tal'hor tace la lingua) / Filippo di Monte -- Amor mi strugge'l cor / Orlando lasso -- Cara la vita mia / Giaches Vvert -- Datemi pace o duri miei pensieri / Gio. Domenico di Nola -- Invidioso amor del mio bel stato / Alesandro Striggio -- Ahi chi mi rompe il sonno (seconda parte: Di ch'ella mossa) / Filippo di Monte -- Tirsi morir volea (seconda parte: Frenò tirsi il desio) / Lucha Marenzio -- Che fa hoggi il mio sole / Lucca Marentio -- Volsi hor non voglio (seconda parte: Gratia e bellezza) / Filippo di Monte -- Alma susana ben felic'il core / Cipriano Rore -- Euro gentil se d'amoroso ardore (seconda parte: Et in sembiante) / Orlando Lasso.
=510  4\$aA. Einstein, 'Bibliography of Italian Secular Vocal Music Printed between the Years 1500-1700, by Emil Vogel' (Seventh Installment), Notes, 4-1 (1946), 41-56, no. 1584/1a.
=510  4\$aRISM B/I,$c1584 ⁵
=546  \\$aItalian words.
=650  \0$aMadrigals, Italian.
=700  1\$aBorghese, Marcantonio,$cprincipe,$d1814-1886,$eformer owner.$5Uk
=700  1\$aGiovannelli, Ruggiero,$dapproximately 1560-1625,$ecomposer.
=700  1\$aLandono, Francesco,$ecompiler.
=700  1\$aLasso, Orlando di,$d1532-1594,$ecomposer.
=700  1\$aMerulo, Claudio,$d1533-1604,$ecomposer.
=700  1\$aMonte, Philippe de,$d1521-1603,$ecomposer.
=700  1\$aNanino, Giovanni Maria,$d1543 or 1544-1607,$ecomposer.
=700  1\$aNola, Gian Domenico del Giovane da,$d-1592,$ecomposer.
=700  1\$aPalestrina, Giovanni Pierluigi da,$d1525?-1594,$ecomposer.
=700  1\$aRore, Cipriano de,$d1515 or 1516-1565,$ecomposer.
=700  1\$aScotto, Melchiorre,$eprinter.
=700  1\$aScotto, Ottaviano,$ededicatee.
=700  1\$aStriggio, Alessandro,$d1536 or 1537-1592,$ecomposer.
=700  1\$aWert, Giaches de,$d1535-1596,$ecomposer.
=752  \\$aItaly$dVenice.$2lcsh/naf
=856  41$uhttp://purl.org/rism/BI/1584/5$yDigitised score
=859  \\$aXLD$bDCW
=852  4\$cDRT$jDigital Store D.202$aBritish Library$bMUSIC
=985  \\$aRecord amended for WR# 13/070
=985  \\$aname title to add
=985  \\$aCorrected by MS generated file for WR# 1805-0738
=CAT  \\$aBATCH-DCW$b00$c20171112$lBLL01$h0214
=CAT  \\$a1805-0738$c20190111$lBLL01$h1807
=CAT  \\$a1805-0738$b00$c20190111$lBLL01$h1828
=FIN  \\$aY$d20171112
=LKR  \\$aPAR$lBLL01$r776$b004671829$mSpoglia amorosa : madrigali à cinque voci /$nSpoglia amorosa : madrigali à cinque voci /
=DGM  \\$a004671829$bCatBridge variable field
=DRT  \\$aDCW
=SRC  \\$aDCW$bDCW_20171111
=OHC  \\$a1
=LAS  \\$a1805-0738$b00$c20190111$lBLL01$h1828

