=LDR  03880 cm a22006017  4500
=001  018600586
=003  Uk
=005  20171112021413.0
=007  cr\mn\024mpada
=008  930401s1567\\\\it\||z\\s\\\\\\\\\\\mul\\
=FMT  \\$a  MU
=019  d\$agg01070004
=040  \\$aUk$beng$cUk
=041  \\$aita$aspa$gita
=042  \\$aukblsr
=082  14$a780$215
=100  1\$aStriggio, Alessandro,$d1536 or 1537-1592.
=245  13$aIl cicalamento delle donne al bucato, et la caccia /$cdi Alessandro Striggio, con un lamento di Didone ad Enea, per la sua partenza, di Cipriano Rore, a quatro, cinque, sei & sette voci. Di novo poste in luce per Giulio Bonagionta da San Genesi musico della illustriss. Signoria di Venetia in S. Marco & con ogni diligentia corretti.
=260  \\$aIn Vinegia :$bAppresso Girolamo Scotto,$c1567.
=300  \\$a7 part books ;$c22 x 16 cm (4o)
=336  \\$anotated music$2rdacontent
=337  \\$acomputer$2rdamedia
=338  \\$aonline$2rdacarrier
=500  \\$aCollection of two comedy madrigals and a lament in four, five, six and seven parts.
=500  \\$aCopy at C.254.l. BASSO (10 leaves); original pagination: [1-2],3-19, [20] p.; paper dimensions: 218 x 156 mm.$5Uk
=500  \\$aCopy at C.254.l. Digitised score at http://purl.org/rism/BI/1567/23.$5Uk
=500  \\$aThe woodcut belonged to the printer Giovanni Maria Bonelli the Elder, who was probably involved in the edition (see Bernstein: Music Printing, no. 289).
=500  \\$aTranscribed title page from basso part book: IL CICALAMENTO / DELLE DONNE AL BVCATO, / ET LA CACCIA DI ALESSANDRO STRIGGIO, / CON VN LAMENTO DI DIDONE / Ad Enea, per la sua partenza, DI CIPRIANO RORE, / a quatro, cinque, sei, & sette voci. / Di nouo poste in luce per Giulio Bonagionta da San Genesi / Musico della Illustriss. Signoria di Venetia in S. Marco / & con ogni diligentia corretti. / CON GRATIA ET PRIVILEGIO. / IN VINEGIA M D LXVII. / APPRESSO GIROLAMO SCOTTO.
=500  \\$aWith table of contents.
=505  0\$a[Del cicalamento delle donne] (prima parte a4: Nella vaga stagion Che premer suole) (seconda parte a7: Buon giorno, belle donne) (terza parte a7: [Ho udito che la fante]) (quarta parte a7: Non ti ricorda) (quinta parte a7: Orsu stendiamo questi panni) / Alessandro Striggio -- Della caccia (prima parte a4: Dalle gelate braccia di Titone) (seconda parte a5: Su, su, presto alla caccia) (terza parte a6: Ecco ch'al bosco siam vicini homai) (quarta parte a6: Mirate a quei Cingiali) (quinta parte a7: Ecco il Sol chiaro dianzi che s'asconde / Alessandro Striggio -- [Lamento de Didone ad Enea] (prima pars a5: Dissimulare etiam) (secunda pars a6: Quin etiam hyberno) (tertia pars a7: Mene fugis) / Cipriano Rore.
=510  4\$aJ. Bernstein: Music Printing in Renaissance Venice: The Scotto Press, 1539-72 (New York, 1998),$cno. 289.
=510  4\$aRISM B/I,$c1567 ²³
=546  \\$aItalian or Spanish words.
=650  \0$aLaments.
=650  \0$aMadrigals, Italian.
=700  1\$aBonagiunta, Giulio,$d-after 1582,$ecompiler.
=700  1\$aFerro da Macerata, Giovanni,$ededicatee.
=700  1\$aRore, Cipriano de,$d1515 or 1516-1565,$ecomposer.
=700  1\$aScotto, Girolamo,$eprinter.
=752  \\$aItaly$dVenice.$2lcsh/naf
=856  41$uhttp://purl.org/rism/BI/1567/23$yDigitised score
=859  \\$aXLD$bDCW
=852  4\$cDRT$jDigital Store C.254.l.$aBritish Library$bMUSIC
=985  \\$aRecord amended for WR# 13/070
=985  \\$aname title to add
=CAT  \\$aBATCH-DCW$b00$c20171112$lBLL01$h0214
=FIN  \\$aY$d20171112
=LKR  \\$aPAR$lBLL01$r776$b004686529$mIl cicalamento delle donne al bucato, et la caccia /$nIl cicalamento delle donne al bucato, et la caccia /
=DGM  \\$a004686529$bCatBridge variable field
=DRT  \\$aDCW
=SRC  \\$aDCW$bDCW_20171111
=OHC  \\$a1
=LAS  \\$aBATCH-DCW$b00$c20171112$lBLL01$h0214

