=LDR  08822ccm a2200985 a 4500
=001  018600587
=003  Uk
=005  20221213164117.0
=007  cr\mn\024mpada
=008  930401s1574\\\\be\||z\\s\\\\\\\\\\\zxx\\
=FMT  \\$a  MU
=019  d\$agh06330014
=040  \\$aUk$beng$cUk
=042  \\$aukblsr
=082  14$a780$215
=130  0\$aThesaurus musicus (1574)
=245  10$aThesaurus musicus :$bcontinens selectissima Alberti Ripae, Valentini Bacfarci, et aliorum praestantissimorum carmina : ad usum Chelys, vel testudinis accommodata : quibus adiectae sunt ingeniosae quaedam fantasiae, passomezi, alemandes, galliardae, bransles, atq., id genus caeter, recens in lucem edita.
=264  \1$aLovanij :$bExcudebat Petrus Phalesius, sibi & Joanni Bellero, Bibliopolae Antuerpiensi,$cMDLXXIIII [1574]
=300  \\$a84 leaves of music ;$c16 x 21 cm (oblong 4º)
=336  \\$anotated music$2rdacontent
=337  \\$acomputer$2rdamedia
=338  \\$aonline$2rdacarrier
=340  \\$m4to$2rdabf
=500  \\$aAttributions taken from Henri Vanhulst, Catalogue des éditions de musique publiées à Louvain par Pierre Phalèse et ses fils 1545-1578 (Brussels: Palais des Académis, 1990), No. 174.
=500  \\$aCollection of pieces for solo lute, including fantasias, dances and intabulations of motets, chansons and Italian songs.
=500  \\$aCopy at K.1.c.8.(1.). 84 leaves; original foliation: [1] 2-84; paper dimensions: 150 x 197 mm.$5Uk
=500  \\$aCopy at K.1.c.8.(1.). Digitised score at http://purl.org/rism/BI/1574/12.$5Uk
=500  \\$aTranscribed title page: THESAVRVS MVSICVS / CONTINENS SELECTISSIMA ALBERTI / RIPAE, VALENTINI BACFARCI, ET ALIO- / rum Praestantissimorum Carmina, ad vsum Chelys, vel / Testudinis accommodata. / Quibus adiectae sunt ingeniosae quaedam Fantasiae, Passomezi, Alemandes, Galliardae, Bransles, / at[que] id genus caetera, recens in lucem edita. / LOVANII. / Excudebat Petrus Phalesius, sibi & Ioanni Bellero, Bibliopolae Antuerpiensi. / M. D. LXXIIII.
=500  \\$aWith index at the front.
=505  0\$aFantasie / [Alberto da Ripa] - Fantasie / [Alberto da Ripa] -- Fantasia 3 / [Alberto da Ripa] -- Fantasie 4 / [Alberto da Ripa] -- Fantasie 5 / [Alberto da Ripa] --/ Fantasie 6 / [Alberto da Ripa] -- Fantasie Bacfarc / Bacfarc - Fantasie / [Julien Belin] - Fantasie / [Julien Belin] - Fantasie / [Julien Belin] - Trio / [Julien Belin] - Fantasie / [Julien Belin] -- Fantasie a 3 / [Bálint Bakfark] -- Si comme espoir / [Jean Maillard] -- Je suis desheritée / [Lupus Hellinck or Pierre Cadéac] -- Douce memoire / [Sandrin] -- Il ne se trouve en amytyé / [Sandrin] -- Voulant honneur / [Sandrin] -- Fors seullement / [Antoine Févin] -- Damour me plains / [Rogier Pathie] -- Mon pensement / [Nicolas Gombert] -- A volonté / [Sandrin] -- Mais pourquoy / [Sandrin] -- D'un seul soleil / [Clément Janequin] -- Mons & vaux / [Sandrin] -- O Passi sparsi / [Sebastiano Festa] -- Or vien ça vien / [Clément Janequin] -- Ayant congu / [Pierre Certon] -- Pleurés mes yeux / [Sandrin] -- Martin menoit / [Clément Janequin] -- Na vous point veu / [Jean Le Brung] -- Au temps heureux / [Jacob Arcadelt] -- On en dira ce qu'on voudra / [Claudin de Sermisy] -- Si grande la pieta / Archadet -- Il ciel che rado / Archadet -- L'homme qui n'est point amoureux / [Noé Faignient] -- Si purti guardo / [Baldassare Donato] -- Soyons yoieux / Orlando -- Le temps peult bien. a 4. / Orlando -- Dieu qui conduis / [Gentian] -- Soyons plaisans a .4 [Noé Faignient] -- Cest de vous ô ma valentine / [Noé Faignient] -- Tant vous allés douce guillemette / [Ebran] -- Tout doulceme[n]t / [Noé Faignient] -- Bon jour mon coeur / [Orlando di Lasso] -- Un doux nenny / [Orlando di Lasso] -- Sus prens ton lut / [Noé Faignient] -- Quant mon mari / [Orlando di Lasso] --
=505  0\$aPis ne me peult / [Thomas Crecquillon] -- Adieu Anvers / [Noé Faignient] -- Adieu celle / [Noé Faignient] -- Faulte d'argent. a 5 / [Josquin, des Prez] -- Pater peccavi (secunda pars [Quanti mercenarii]) / [Jean Conseil] -- Adiuva me (secunda pars [Serus tuus ego sum]) / [Jean Conseil] -- Benedicta. a six (secunda pars: [Per illud ave]) / L Pieton -- Pavane La romanesque / [Alberto da Ripa] -- Passimezo La milanese. Bassus / [Melchior Neusidler] -- Il suo saltarello con la repinse / [Melchior Neusidler] -- Passomezo Superius. -- Galliarde (with: La Reprinse) - Almande - Almande -- Almande d'Egmont -- Almande Bavier -- Almande de Spiers -- Almande Poussinghe -- Almande la nonette -- Galliarda Caracossa -- Gailliarde. Chi passa -- Gailliarde d'Angolesmes - Gaillarde -- Branle d'Arras -- 2. Branle -- 3. Branle -- 4. Branle -- 5. Branle -- 6. Branle -- Premier Branle de Bourgoingne -- 2. Branle -- 3. Branle -- 4. Branle -- 5. Branle -- 6. Branle.
=510  4\$aH.M. Brown, Instrumental music printed before 1600 : a bibliography (Cambridge, MA: Harvard University Press, 1965),$c1574/7
=510  4\$aHenri Vanhulst, Catalogue des éditions de musique publiées à Louvain par Pierre Phalèse et ses fils 1545-1578 (Brussels: Palais des Académis, 1990),$cno. 174
=510  4\$aRISM B/I,$c1574 ¹²
=650  \0$aIntabulations (Lute)
=650  \0$aLute music.
=700  0\$aJosquin,$cdes Prez,$d-1521,$ecomposer.
=700  0\$aSandrin,$dactive 1538-1561,$ecomposer.
=700  1\$aArcadelt, Jacob,$dapproximately 1505-1568,$ecomposer.
=700  1\$aBakfark, Bálint,$d1507-1576,$ecomposer.
=700  1\$aBelin, Julien,$dapproximately 1530-approximately 1584,$ecomposer.
=700  1\$aBeller, Jean,$d1526-1595,$eprinter.
=700  1\$aCadéac, Pierre,$ecomposer.
=700  1\$aCerton, Pierre,$d-1572,$ecomposer.
=700  1\$aConseil, Jean,$d1498 or 1501-1534,$ecomposer.
=700  1\$aCrecquillon, Thomas,$d-1557?,$ecomposer.
=700  1\$aDonato, Baldassare,$d-1603,$ecomposer.
=700  1\$aEbran,$dactive approximately 1543-1564,$ecomposer.
=700  1\$aFaignient, Noé,$dactive 1560-1600,$ecomposer.
=700  1\$aFesta, Sebastiano,$d-1524,$ecomposer.
=700  1\$aFévin, Antoine de,$ecomposer.
=700  1\$aGentian,$dactive 1538-1559,$ecomposer.
=700  1\$aGombert, Nicolas,$dactive 16th century,$ecomposer.
=700  1\$aHellinck, Lupus,$d-1541,$ecomposer.
=700  1\$aJanequin, Clément,$dapproximately 1495-approximately 1560,$ecomposer.
=700  1\$aLasso, Orlando di,$d1532-1594,$ecomposer.
=700  1\$aLe Brung, Jean,$dactive 16th century,$ecomposer.
=700  1\$aMaillard, Jean,$dactive 1538-1572,$ecomposer.
=700  1\$aNeusidler, Melchior,$d1531-1590,$ecomposer.
=700  1\$aPathie, Rogier,$dapproximately 1510-$ecomposer.
=700  1\$aPhalèse, Pierre,$dapproximately 1510-$eprinter.
=700  1\$aPiéton, Loyset,$ecomposer.
=700  1\$aRipa, Alberto da,$d-1551,$ecomposer.
=700  1\$aSermisy, Claudin de,$dapproximately 1490-1562,$ecomposer.
=710  2\$aPierre Phalèse & Jean Beller (Firm),$eprinter.
=752  \\$aBelgium$dLouvain.$2lcsh/naf
=856  41$uhttp://purl.org/rism/BI/1574/12$yDigitised score
=859  \\$aXLD$bDCW
=852  4\$cDRT$jDigital Store K.1.c.8.(1.)$aBritish Library$bMUSIC
=985  \\$aRecord amended for WR# 13/070
=985  \\$aname title to add; heading for Belin, Julien, b. ca. 1525 needs work (b in or near Le Mans, c1525-30; d after 1584 (Grove)); heading for Pathie, Rogier, b. ca. 1510 needs work (b ?Cambrai, c1510; d ?Valladolid, after 1564 (Grove)); heading for Ebran, fl. ca.1543-1564 needs work (fl. dates from Grove)
=985  \\$aCorrected by MS generated file for WR# 1805-0738
=CAT  \\$aBATCH-DCW$b00$c20171112$lBLL01$h0214
=CAT  \\$a1805-0738$c20190111$lBLL01$h1807
=CAT  \\$a1805-0738$b00$c20190111$lBLL01$h1828
=CAT  \\$aBATCH-UPD$b00$c20220605$lBLL01$h2138
=CAT  \\$aMFISHER$b40$c20221213$lBLL01$h1641
=CAT  \\$aMFISHER$b40$c20221213$lBLL01$h1641
=FIN  \\$aY$d20171112
=LKR  \\$aPAR$lBLL01$r776$b004698474$mThesaurus musicus : continens selectissima Alberti Ripae, Valentini Bacfarci, et aliorum praestantissimorum carmina : ad usum Chelys, vel testudinis accommodata : quibus adiectae sunt ingeniosae quaedam fantasiae, passomezi, alemandes, galliardae, bransles, atq., id genus caeter, recens in lucem edita.$nThesaurus musicus : continens selectissima Alberti Ripae, Valentini Bacfarci, et aliorum praestantissimorum carmina : ad usum Chelys, vel testudinis accommodata : quibus adiectae sunt ingeniosae quaedam fantasiae, passomezi, alemandes, galliardae, bransles, atq., id genus caeter, recens in lucem edita.
=DGM  \\$a004698474$bCatBridge variable field
=DRT  \\$aDCW
=SRC  \\$aDCW$bDCW_20171111
=OHC  \\$a1
=LAS  \\$aMFISHER$b40$c20221213$lBLL01$h1641

