=LDR  04371 cm a22006017  4500
=001  018600588
=003  Uk
=005  20171112021413.0
=007  cr\mn\024mpada
=008  930401s1597\\\\it\||z\\s\\\\\\\\\\\ita\\
=FMT  \\$a  MU
=019  d\$agk03560001
=040  \\$aUk$beng$cUk
=041  \\$aita$gita
=042  \\$aukblsr
=082  14$a780$215
=100  1\$aVecchi, Orazio,$d1550-1605.
=245  10$aCanzonette a tre voci /$cdi Horatio Vecchi, et di Gemignano Capi Lupi da Modona. Novamente poste in luce.
=264  \1$aIn Venetia :$bAppresso Angelo Gardano,$cMDLXXXXVII [1597]
=300  \\$a3 part books ;$c25 x 19 cm (4º)
=336  \\$anotated music$2rdacontent
=337  \\$acomputer$2rdamedia
=338  \\$aonline$2rdacarrier
=340  \\$m4to$2rdabf
=500  \\$aCollection of canzonette in three parts (SSB) with lute tablature.
=500  \\$aCopy at D.250.g. CANTO (18 leaves), CANTO SEC (18 leaves), BASSO (18 leaves); original pagination: Canto: [i-ii], 1-34 Canto secondo: [i-ii], 1-34, Basso: [i-ii], 1-34; paper dimensions: 223 x 162 mm (canto and canto secondo part books), 233 x 168 mm (basso part book).$5Uk
=500  \\$aCopy at D.250.g. Digitised score at http://purl.org/rism/BI/1597/21.$5Uk
=500  \\$aTranscribed title page from canto part book: CANZONETTE / A TRE VOCI / DI HORATIO VECCHI, / Et de Gemignano Capi Lupi / Da Modona. / Nouamente poste in luce. / CON PRIVILEGIO. / In Venetia Appresso Angelo Gardano. / M. D. LXXXXVII.
=500  \\$aWith table of contents in the canto secondo and basso part books.
=505  0\$aDeh cant'Aminta un aria a la Romana / Horatio Vecchi -- Per l'ottavo miracolo del mo[n]do / Horatio Vecchi -- Hora ch'ogn'animal entr'è'l suo letto / Horatio Vecchi -- L'amara dipartita / Gemignano Capi Lupi -- Nisa dolce ben mio / Capi Lupi -- Mentre l'Aquila affisa gl'occ'al sole / Capi Lupi -- Già l'ond'e'l vento tace / Horatio Vecchi -- Al tremend'e potente Re del mondo / Horatio Vecchi -- La fiamma che m'incende / Capi Lupi -- Temerario Fetonte / Capi Lupi -- Io dissi e dico e sempre i son per dirti / Horatio Vecchi -- Mentre belle signore / Horatio Vecchi -- A l'acqua, a l'aria, a le tempest'e a' venti / Capi Lupi -- Piu che mai vaga e bella / Capi Lupi -- S'udia un Pastor l'altr'hieri / Horatio Vecchi -- O felice Nocchiero / Horatio Vecchi -- Hor ch'è lungi il mio bene / Horatio Vecchi -- Non date fede o amanti / Horatio Vecchi -- Non piu saette al core / Capi Lupi -- Piangete occhi miei lassi / Capi Lupi -- Chi brama di veder quanto può amore / Capi Lupi -- Il marmo fino del piu forte monte / Horatio Vecchi -- Odo da tutti dire / Horatio Vecchi -- Amar Do[n]na che strugge / Capi Lupi -- Non ho piu vit' Amore / Capi Lupi -- L'ultima volta ch'io Ti viddi / Horatio Vecchi -- Chi scupr'hoggi fra noi tanti splendori? / Horatio Vecchi -- Lusinghiero desio che da begl'occhi / Horatio Vecchi -- O Dolcezz' amarissime d'amore / Capi Lupi -- Ti chiamo e non rispondi / Capi Lupi -- Care amorose Gradite rose / Capi Lupi -- Amanti Correte tutti quanti / Capi Lupi -- Udite udite amanti / Horatio Vecchi -- Questo è troppo signora / Horatio Vecchi.
=510  4\$aF. Lesure and C. Sartori, Bibliografia della musica italiana vocale profana pubblicata dal 1500 al 1700 (Pomezia, 1977),$cno. 2835.
=510  4\$aRISM B/I,$c1597 ²¹
=650  \0$aCanzonets (Part songs), Italian$vParts.
=700  1\$aCalori Cortese, Laura,$ededicatee.
=700  1\$aCalori, Paolo,$ededicatee.
=700  1\$aCapilupi, Gemignano,$d1573-1616,$ecomposer.
=700  1\$aGardano, Angelo,$d1540-1611,$eprinter.
=752  \\$aItaly$dVenice.$2lcsh/naf
=856  41$uhttp://purl.org/rism/BI/1597/21$yDigitised score
=859  \\$aXLD$bDCW
=852  4\$cDRT$jDigital Store D.250.g.$aBritish Library$bMUSIC
=985  \\$aname title to add
=985  \\$aCorrected by MS generated file for WR# 1805-0738
=CAT  \\$aBATCH-DCW$b00$c20171112$lBLL01$h0214
=CAT  \\$a1805-0738$c20190111$lBLL01$h1807
=CAT  \\$a1805-0738$b00$c20190111$lBLL01$h1828
=FIN  \\$aY$d20171112
=LKR  \\$aPAR$lBLL01$r776$b004715176$mCanzonette a tre voci /$nCanzonette a tre voci /
=DGM  \\$a004715176$bCatBridge variable field
=DRT  \\$aDCW
=SRC  \\$aDCW$bDCW_20171111
=OHC  \\$a1
=LAS  \\$a1805-0738$b00$c20190111$lBLL01$h1828

