=LDR  03621 cm a22006737  4500
=001  018600589
=003  Uk
=005  20171112021413.0
=007  cr\mn\024mpada
=008  930401s1596\\\\it\||z\\s\\\\\\\\\\\ita\\
=FMT  \\$a  MU
=019  d\$agk05760002
=040  \\$aUk$beng$cUk
=041  \\$aita$gita
=042  \\$aukblsr
=082  14$a780$215
=100  1\$aVenturi del Nibbio, Stefano,$dactive 1592-1600,$ecomposer.
=240  10$aMadrigals,$mvoices (5),$mbook 3
=245  13$aIl terzo libro de madrigali a cinque /$cdi Stefan Venturi del Nibbio
=264  \1$aFirenze :$bAppresso Giorgio Marescotti,$c1596.
=300  \\$a5 part books ;$c20 x 15 cm (8º)
=336  \\$anotated music$2rdacontent
=337  \\$acomputer$2rdamedia
=338  \\$aonline$2rdacarrier
=340  \\$m8vo$2rdabf
=500  \\$aA collection of Italian madrigals in five parts.
=500  \\$aCopy at C.219.a. Cantus (12 leaves), Altus (12 leaves), Quintus (12 leaves); Cantus: [1-3], 1-21 p. Altus: [1-3], 1-21 p. Quintus: [1-3], 1-21 p.; paper dimensions: 197 x 149 mm.$5Uk
=500  \\$aCopy at C.219.a. Digitised score at http://purl.org/rism/BI/1596/17.$5Uk
=500  \\$aTranscribed title page from cantus part book: CANTO / IL TERZO / LIBRO / DE MADRIGALI / A CINQVE / DI STEFAN VENTVRI / DEL NIBBIO. / IN FIRENZE / Appresso Giorgio Marescotti. / MDXCVI.
=500  \\$aWith dedication by the composer Stefano Venturi del Nibbio, dated '20 di Febbraio 1596'.
=500  \\$aWith table of contents on the last page.
=505  0\$aQuesto canoro Cigno ov'unque muove (seconda parte: Già desia trapassar le nubi e'l sole) / Stefan Venturi del Nibbio -- Pargolett'è Maria et è picciol'Amore / Stefan Venturi del Nibbio -- Se di gigli di ros'e di viole / Stefan Venturi del Nibbio -- Quest'è quell'Aur'ond'io / Stefan Venturi del Nibbio -- Argo mirar potea Con cento luci belle / Stefan Venturi del Nibbio -- Selvaggia mia che di bellezz'avanzi / Neri Alberti -- A canuto Pastore / Stefan Venturi del Nibbio -- Quasi tra ros'e gigli / Ant. Bicci -- Occhi frenat'il pianto / Stefan Venturi del Nibbio -- Intenerite voi lacrime mie / Stefan Venturi del Nibbio.
=510  4\$aEmil Vogel, Alfred Einstein, François Lesure, and Claudio Sartori, Bibliografia della musica italiana vocale profana pubblicata dal 1500 al 1700, 3 vols. (Pomezia: Staderini-Minkoff, 1977),$cno. 2864.
=510  4\$aRISM B/I,$c1596 ¹⁷
=546  \\$aItalian words.
=650  \0$aMadrigals, Italian.
=700  1\$aAlberti, Neri,$dactive 16th century,$ecomposer.
=700  1\$aBicci, Antonio,$d1552-1614,$ecomposer.
=700  1\$aFranceschi, Jacopo,$ededicatee.
=700  1\$aMarescotti, Giorgio,$dactive 1563-1601,$eprinter.
=700  1\$aRidolfi, Cosimo,$ededicatee.
=752  \\$aItaly$dFlorence.$2lcsh/naf
=856  41$uhttp://purl.org/rism/BI/1596/17$yDigitised score
=859  \\$aXLD$bDCW
=852  4\$cDRT$jDigital Store C.219.a.$aBritish Library$bMUSIC
=985  \\$aEarly Music Online project
=985  \\$aRecord amended for WR# 13/070
=985  \\$aname title to add
=985  \\$aCorrected by MS generated file for WR# 1805-0738
=CAT  \\$aBATCH-DCW$b00$c20171112$lBLL01$h0214
=CAT  \\$a1805-0738$c20190111$lBLL01$h1807
=CAT  \\$a1805-0738$b00$c20190111$lBLL01$h1828
=FIN  \\$aY$d20171112
=LKR  \\$aPAR$lBLL01$r776$b004715488$mIl terzo libro de madrigali a cinque /$nIl terzo libro de madrigali a cinque /
=DGM  \\$a004715488$bCatBridge variable field
=DRT  \\$aDCW
=SRC  \\$aDCW$bDCW_20171111
=OHC  \\$a1
=LAS  \\$a1805-0738$b00$c20190111$lBLL01$h1828

