=LDR  04610 cm a22006377  4500
=001  018600590
=003  Uk
=005  20171112021413.0
=007  cr\mn\024mpada
=008  930401s1583\\\\it\||z\\s\\\\\\\\\\\mul\\
=FMT  \\$a  MU
=019  d\$agk13960004
=040  \\$aUk$beng$cUk
=041  \\$aita$aspa
=042  \\$aukblsr
=082  14$a780$215
=100  1\$aVinci, Pietro,$dapproximately 1535-1584.
=240  10$aMadrigals,$mvoices (6),$nbook 2
=245  13$aIl secondo libro de madregali a sei voci,$bcon uno dialogo a dodeci.$cDi Pietro Vinci Sicilliano della citta di Nicosia. Maestro di Capella in Santa Maria Maggior di Bergamo. Nuovamente posti in luce.
=264  \1$aIn Vinegia :$bAppresso l'Herede di Girolamo Scotto,$cMDLXXXIII [1583]
=300  \\$a6 part books ;$c22 x 18 cm (4º)
=336  \\$anotated music$2rdacontent
=337  \\$acomputer$2rdamedia
=338  \\$aonline$2rdacarrier
=340  \\$m4to$2rdabf
=500  \\$aCollection of madrigals for six voices, with table of contents in alphabetical order. All six-part works except for the last, which is in twelve parts (three choirs).
=500  \\$aCopy at D.177. CANTO (16 leaves), ALTO (16 leaves), TENORE (16 leaves), BASSO (16 leaves), QVINTO (16 leaves), SESTO (16 leaves); original pagination: Canto: [1-2], 3-31, [32] Alto: [1-2], 3-31, [32], Tenore: [1-2], 3-31, [32], Basso: [1-2], 3-31, [32], Quinto: [1-2], 3-31, [32], Sesto: [1-2], 3-31, [32]; paper dimensions: 215 x 167 mm.$5Uk
=500  \\$aCopy at D.177. Digitised score at http://purl.org/rism/BI/1583/20.$5Uk
=500  \\$aNames of dedicatees include: Benedetto Bagnerio, Fulvia Grumella, Don Antonio Londonio, Don Carlo Londonio, and Donna Isabella Londonia.
=500  \\$aReprint of RISM B/I 1579/6.
=500  \\$aTranscribed title page from canto part book: DI PIETRO VINCI / SICILLIANO DELLA CITTA / DI NICOSIA. / MAESTRO DI CAPELLA / In Santa Maria Maggior di Bergamo. / IL SECONDO LIBRO DE MADREGALI / a sei voci, Con vno dialogo a dodeci. / Nuouamente posti in luce. / IN VINEGIA Appresso l'Herede di Girolamo Scotto. / M D. LXXXIII.
=505  0\$aMuse del sacro Aonio -- Alma ISABELLA l'occhio e l'intelletto -- Tanto piacer prov'io tanta dolcezza -- Il pie vago movea vezzosa pastorella -- Stella lucida e pura -- D'una terrena stella -- Penso tal hor come lucente stella -- Caro dolce ben mio -- Chi fia mai che mi sleghi -- Miser alma [perche tanto sospiri] -- Marmo fui che percosso gettai faville -- Fiamm'Amorosa e bella ch'in te stessa movendo -- Giovinetta gentil alma Grumella -- Amor tacendo la bellezza vostra Mi fa donna languire -- Io felice sarei -- Voi volete ch'io mora -- Com'esser può Tiranno ingrate Amore -- Es tan grave mi dolor Y tan estrano el tormento -- Cresci vago & adorno Sorgi candido fiore -- Mi pung'il dard & m'onge il mel / Paolo Caracciolo discepolo di Pietro Vinci -- Uscia l'aurora già de l'oriente -- Bagn'er'io & almo ove solean bagnarsi -- Vinci che con la musa A te d'Apoll'infusa / Gio Monino -- Canzon. Sommo Signor e Dio (seconda stanza: Andrà sempre sì altiero il mio nemico) (terza stanza: Fa che'l mio duro scempio) (quarta stanza: Io dalla mia virtute Non sper'haver) (ultima stanza: Quando havrà gioia e pace) -- Miracol novo ov'e tua luc'o sole.
=510  4\$aF. Lesure and C. Sartori, Bibliografia della musica italiana vocale profana pubblicata dal 1500 al 1700 (Pomezia, 1977),$cno. 2927.
=510  4\$aRISM B/I,$c1583 ²⁰
=546  \\$aItalian and Spanish words.
=650  \0$aMadrigals, Italian.
=700  1\$aCaracciolo, Paolo,$ecomposer.
=700  1\$aMonino, Giovanni,$ecomposer.
=700  1\$aScotto, Melchiorre,$dapproximately 1540-1613,$eprinter.
=752  \\$aItaly$dVenice.$2lcsh/naf
=856  41$uhttp://purl.org/rism/BI/1583/20$yDigitised score
=859  \\$aXLD$bDCW
=852  4\$cDRT$jDigital Store D.177.$aBritish Library$bMUSIC
=985  \\$aRecord amended for WR# 13/070
=985  \\$aname title to add
=985  \\$aCorrected by MS generated file for WR# 1805-0738
=CAT  \\$aBATCH-DCW$b00$c20171112$lBLL01$h0214
=CAT  \\$a1805-0738$c20190111$lBLL01$h1807
=CAT  \\$a1805-0738$b00$c20190111$lBLL01$h1828
=FIN  \\$aY$d20171112
=LKR  \\$aPAR$lBLL01$r776$b004719705$mIl secondo libro de madregali a sei voci, con uno dialogo a dodeci.$nIl secondo libro de madregali a sei voci, con uno dialogo a dodeci.
=DGM  \\$a004719705$bCatBridge variable field
=DRT  \\$aDCW
=SRC  \\$aDCW$bDCW_20171111
=OHC  \\$a1
=LAS  \\$a1805-0738$b00$c20190111$lBLL01$h1828

