=LDR  04847 cm a2200673 a 4500
=001  018600591
=003  Uk
=005  20171112021413.0
=007  cr\mn\024mpada
=008  930322s1583\\\\it\||z\\s\\\\\\\\\\\ita\\
=FMT  \\$a  MU
=040  \\$aUk$beng$cUk
=041  \\$aita$aspa$gita
=042  \\$aukblsr
=082  14$a780$215
=130  0\$aLaude spirituali (Soto de Langa),$nlibro 2.
=245  13$aIl secondo libro delle laude spirituali a tre et a quattro voci.
=264  \1$aIn Roma :$bPer Alessandro Gardano,$c1583.
=300  \\$a1 choir book (53 [i.e. 54] leaves) ;$c21 cm (4º)
=336  \\$anotated music$2rdacontent
=337  \\$acomputer$2rdamedia
=338  \\$aonline$2rdacarrier
=340  \\$m4to$2rdabf
=500  \\$a"Stampata ad instanza della reverendi Padri della congregatione dello oratorio. Con privileggio del Sommo Pontifice."
=500  \\$aCollection of laude spirituali in three and four parts.
=500  \\$aCopy at D.33.(2.). 56 leaves; original foliation: [i-ii], 2, 2-12, 14, 14-53, 53 f.; paper dimensions: 208 x 158 mm.$5Uk
=500  \\$aCopy at D.33.(2.). Digitised score at http://purl.org/rism/BI/1583/4.$5Uk
=500  \\$aIncludes dedication page in Italian.
=500  \\$aProbably compiled by Francesco Soto de Langa (cf. Grove).
=500  \\$aTranscribed title page: IL SECONDO LIBRO / DELLE LAVDE SPIRITVALI / A TRE ET A QVATTRO VOCI, / Stampata ad istanza delli Reuerendi Padri della / Congregatione dello Oratorio. / Con Priuileggio del Sommo Pontifice. / IN Roma per Alessandro Gardano. 1583.
=500  \\$aWith table of contents.
=500  \\$aWorks in three parts are all for STB except for 'Anima mia' (SAB), 'O venturoso dia' (SSA), and 'Si tus penas' (SSA). Works in four parts are all for SATB except for 'Que te daré', 'Esclarecida madre', and 'Lasciò la gloria' which are for SSAT.
=505  0\$aGrida, qual tro[m]ba -- E nato il grand'Iddio -- Anima mia dolente -- Io vorrei mutar vita -- Ecco la Morte viene -- Perche m'inviti pur mo[n]do -- Hoggi la vita nasce -- Ditene'o buo[n] Pastori -- Giunt'i Pastori al humile Preseppe -- Vergine se ti calsi -- Anima che per me dal mo[n]do erra[n]te -- Passo la notte buia -- Il Re fa nozz'al figlio -- Cor mio dolente e tristo -- Signor se mi perdoni -- Tu che sei tanto bello -- Vergine Reina -- Gl'angeli eleti al gra[n] ben'infi[ni]to -- Anime christiane'a Dio dilette -- Quand'io vedo il Messia -- A nostri preghi o maesta divina -- Horsu levianci su levianci dalle piume -- Benedetto sei tu dolce signor Giesu -- Sorgi dal sonno (seconda parte: Il tuo bel sol) -- Pende il figliuol di Dio col capo chino -- O venturoso dia, o feliz hora -- Si tus penas no pruevo / [Francisco Guerrero] -- A pie del duro sasso -- La luce, che fa giorno a la mia vita -- L'alto fattor che l'universo regge -- Passat' e'l verno e i giacci e le pruine -- Felice et nobil pianta del celeste giardino -- O sacrosanto legno -- Gl'Angeli eletti al gra[n] ben infinito -- Fuggon i giorn'ei mesi -- Donna gloriosa Piu sublime del ciel -- Amor fammi gentile -- Quando ripens'ai miei mal -- Son quest'i sacri pie -- Alme c'havete dela terra zelo -- II tuo Giesu Vergine Madre e morto -- Stava l'afflitta Madalena -- Que te dare señor por tantos dones (second part: Un gra[n]d'abismo) -- Esclarecida madre, y virgen pura -- Lasciò la gloria.
=510  4\$aA. Einstein, 'Bibliography of Italian secular vocal music printed between the years 1500-1700, by Emil Vogel' (Seventh Installment),$cNotes, 4-1 (1946), 41-56, no. 1583/9
=510  4\$aRISM B/I,$c1583 ⁴
=546  \\$aItalian or Spanish words.
=650  \0$aLaude.
=650  \0$aPart songs, Italian$y16th century$vParts.
=700  1\$aGardane, Alessandro,$dactive 1575-1591,$eprinter.
=700  1\$aSoto de Langa, Francisco,$d1534-1619,$ecompiler.
=700  12$aGuerrero, Francisco,$d1528-1599.$tCanciones y villanescas espirituales.$pSi tus penas.
=710  2\$aGardane (Firm),$eprinter.
=752  \\$aItaly$dRome.$2lcsh/naf
=856  41$uhttp://purl.org/rism/BI/1583/4$yDigitised score
=859  \\$aXLD$bDCW
=852  4\$cDRT$jDigital Store D.33.(2.)$aBritish Library$bMUSIC
=985  \\$aRecord amended for WR# 13/070
=985  \\$aname title to add
=985  \\$aCorrected by MS generated file for WR# 1805-0738
=CAT  \\$aBATCH-DCW$b00$c20171112$lBLL01$h0214
=CAT  \\$a1805-0738$c20190111$lBLL01$h1807
=CAT  \\$a1805-0738$b00$c20190111$lBLL01$h1828
=FIN  \\$aY$d20171112
=LKR  \\$aPAR$lBLL01$r776$b015829625$mIl secondo libro delle laude spirituali a tre et a quattro voci.$nIl secondo libro delle laude spirituali a tre et a quattro voci.
=DGM  \\$a015829625$bCatBridge variable field
=DRT  \\$aDCW
=SRC  \\$aDCW$bDCW_20171111
=OHC  \\$a1
=LAS  \\$a1805-0738$b00$c20190111$lBLL01$h1828

