=LDR  05516 cm a22007697  4500
=001  018610008
=003  Uk
=005  20171115021043.0
=007  cr\mn\024mpada
=008  930310s1568\\\\it\||z\\s\\\\\\\\\\\ita\\
=FMT  \\$a  MU
=019  d\$aaj04230003
=040  \\$aUk$beng$cUk
=041  \\$aita$gita
=042  \\$aukblsr
=082  14$a780$215
=245  00$aCorona della morte dell' illustre signore, il Sig. Comendator Anibal Caro ;$bal nobile genoroso cavaliero il Signor Giovanni Ferro da Macerata. /$cDi novo posta in luce per Giulio Bonagionta da S. Genesi.
=260  \\$aIn Vinegia :$bAppresso Girolamo Scotto,$cMDLXVIII [1568].
=300  \\$a5 part books ;$c22 x 16 (4o)
=336  \\$anotated music$2rdacontent
=337  \\$acomputer$2rdamedia
=338  \\$aonline$2rdacarrier
=500  \\$aCollection of 'canzone' with table of contents. All works are in five parts (SATB 5), except for the last one, which is in eight parts.
=500  \\$aCopy at D.31. ALTO (16 leaves), BASSO (16 leaves); original pagination: Alto: [1-3], 4-31, [32], Basso: [1-3], 4-31, [32]; paper dimensions: 207 x 150 mm.$5Uk
=500  \\$aCopy at D.31. Digitised score at http://purl.org/rism/BI/1568/16.$5Uk
=500  \\$aThe Cantus part book includes the text of each poem. The poems were specifically composed for the death of the poet Annibale Caro. Hence they are thematically related and have special structural features.
=500  \\$aThe woodcut on the front page refers to the dedicatee.
=500  \\$aTranscribed title page from alto part book: CORONA / DELLA MORTE / DELL'ILLVSTRE SIGNORE, / IL SIG. COMENDATOR ANIBAL CARO. / AL NOBILE GENOROSO CAVALIERO / Il Signor Giouanni Ferro da Macerata. / Di nouo posta in luce per Giulio Bonagionta da S. Genesi. / CON GRATIA ET PRIVILEGGIO. / IN VINEGIA, / APPRESSO GIROLAMO SCOTTO / M D LXVIII.
=505  0\$aCORONA PRIMA PARTE. Svelt'ha di mort'invido colpo (seconda parte: Che fia dunque di noi) / Claudio da Coreggio -- Arbor vittorioso trionfale (seconda parte: Lasso ch'aquesti) / Andrea Gabrielli -- Virtù ch'in poch'il ciel (seconda parte: Et salit'ov'è sol degno ricetto) / Cesare Schietti -- Mirabil art'et peregrin'ingegno (seconda parte: Valor senno bontà / Michel Comis -- Queste fur le tue doti alma gentile (seconda parte: Deh che simil'a noi nacque mortali) / Adriano Anville -- Hor che spogli'ha di te (seconda parte: Ma tu come di lor te stess'& lei) / Francesco Adriani -- Icar'incauto sconsolat'e mesto (seconda parte: E 'l ciel vol pur ch'io viva) / Eliseo Ghibellini -- Ogni stratio mi sia dolce morendo (seconda parte Pur cosi vuol mia stella) / Vicenzo Bell'haver -- S'aiut'in van dal ciel (seconda parte: Tu '1 sai mio CARO) / Vittorio Rimondo -- Tu tu CARO sei morto (seconda parte: Misero me che parlo) / Spera in Dio Bertoldo -- Tu tu CARO ancor pia[n]g'il mio gioire (seconda parte: Che se partir poteß'alma gradita) / Giulio Renaldi -- Il CAR'e morto & pur lasso non sento (seconda parte: Hor che la nobil lingua) / Zanetto da Palestina -- Poi che son le due luci (seconda parte: Ma tu la cui virtù battendo l'ale) / Daniel Grisonio Mentre del mio buo[n] Car'il fin ripenso (seconda parte: Fu sempr'a l'opre di virtut'accenso) / Gioseffo Zarlino -- DIALOGO A 8. Meste e pensose donne che dolenti / Daniel Grisonio.
=510  4\$aJ. Bernstein: Music Printing in Renaissance Venice: The Scotto Press, 1539-72 (New York, 1998),$cno. 313.
=510  4\$aRISM B/I,$c1568 ¹⁶
=546  \\$aItalian words.
=650  \0$aCanzone.
=650  \0$aPart songs, Italian$y16th century$vParts.
=700  1\$aAdriani, Francesco,$d1539-1575,$ecomposer.
=700  1\$aAnville, Adriano,$ecomposer.
=700  1\$aBell'haver, Vincenzo,$d1530-1587,$ecomposer.
=700  1\$aBertoldo, Sperindio,$dapproximately 1530-1570,$ecomposer.
=700  1\$aBonagiunta, Giulio,$d-after 1582,$ecompiler.
=700  1\$aCaro, Annibal,$d1507-1566,$ededicatee.
=700  1\$aCaro, Gio. Batista$q(Giovanni Batista),$eauthor.
=700  1\$aComis, Michel,$ecomposer.
=700  1\$aFerro da Macerata, Giovanni,$ededicatee.
=700  1\$aGabrieli, Andrea,$dapproximately 1533-1585,$ecomposer.
=700  1\$aGhibel, Heliseo,$ecomposer.
=700  1\$aGrisonio, Daniele,$ecomposer.
=700  1\$aMerulo, Claudio,$d1533-1604,$ecomposer.
=700  1\$aPalestrina, Giovanni Pierluigi da,$d1525?-1594,$ecomposer.
=700  1\$aRaimondo, Vittorio,$ecomposer.
=700  1\$aRenaldi, Giulio,$d-before 1576,$ecomposer.
=700  1\$aSchieti, Cesare,$d-1600,$ecomposer.
=700  1\$aScotto, Girolamo,$eprinter.
=700  1\$aZarlino, Gioseffo,$d1517-1590,$ecomposer.
=752  \\$aItaly$dVenice.$2lcsh/naf
=856  41$uhttp://purl.org/rism/BI/1568/16$yDigitised score
=859  \\$aXLD$bDCW
=852  4\$cDRT$jDigital Store D.31.$aBritish Library$bMUSIC
=985  \\$aRecord amended for WR# 13/070
=985  \\$aname title to add
=CAT  \\$aBATCH-DCW$b00$c20171115$lBLL01$h0210
=FIN  \\$aY$d20171115
=LKR  \\$aPAR$lBLL01$r776$b004227910$mCorona della morte dell' illustre signore, il Sig. Comendator Anibal Caro ; al nobile genoroso cavaliero il Signor Giovanni Ferro da Macerata. /$nCorona della morte dell' illustre signore, il Sig. Comendator Anibal Caro ; al nobile genoroso cavaliero il Signor Giovanni Ferro da Macerata. /
=DGM  \\$a004227910$bCatBridge variable field
=DRT  \\$aDCW
=SRC  \\$aDCW$bDCW_20171114
=OHC  \\$a1
=LAS  \\$aBATCH-DCW$b00$c20171115$lBLL01$h0210

