=LDR  03584 cm a2200661 a 4500
=001  018610009
=003  Uk
=005  20171115021044.0
=007  cr\mn\024mpada
=008  930317s1546\\\\it\||z\\s\\\\\\\\\\\zxx\\
=FMT  \\$a  MU
=019  d\$adc21900005
=040  \\$aUk$beng$cUk
=042  \\$aukblsr
=082  14$a780$215
=100  0\$aFrancesco,$cda Milano,$d1497-1543.
=240  10$aLute music.$kSelections
=245  10$aIntabolatura de lauto.$nLibro segondo :$bde motetti recercari & canzoni francese : novamente ristampata /$cdi Francesco da Milano.
=264  \1$aIn Venetia :$bApresso di Antonio Gardane,$cMDXXXXVI [1546]
=300  \\$a[40] pages of music ;$c15 x 22 cm (oblong 4º)
=336  \\$anotated music$2rdacontent
=337  \\$acomputer$2rdamedia
=338  \\$aonline$2rdacarrier
=340  \\$m4to$2rdabf
=500  \\$aAll the pieces were first issued in RISM/BI 1536/11.
=500  \\$aCollection of music for lute in tablature.
=500  \\$aCopy at K.1.c.13. 20 leaves; paper dimensions: 145 x 210 mm.$5Uk
=500  \\$aCopy at K.1.c.13. Digitised score at http://purl.org/rism/BI/1546/29.$5Uk
=500  \\$aIncludes arrangements intabulated by Francesco da Milano and compositions by himself.
=500  \\$aTranscribed title page: INTABOLATVRA / DE LAVTO / DI FRANCESCO DA MILANO / De motetti recercari & canzoni francese nouamente ristampata. / LIBRO SEGONDO / INTABOLATVRA DE LAVTO / In Venetia apresso di / Antonio Gardane. / M. D. XXXXVI.
=500  \\$aWith table of contents.
=505  0\$aPater noster di Jusquin a sei / Jusquin -- Ave Maria di Jusquin a sei / jusquin -- Stabat mater di Jusquin a 5 / jusquin -- Fantesia di F. da milano / F. da milano -- Fantesia di F. da milano / F. da milano -- Fantesia di F. da milano / F. da milano -- Fantesia di F. da milano / F. da milano -- Fantesia di F. da milano / F. da milano -- Fantesia di F. da milano / F. da milano -- Fantesia di F. da milano / F. da milano -- Le plus gorgias du monde -- Tu disois / [Claudin de Sermisy] -- Pourquoy alles vous seullette -- Nous bergiers.
=510  4\$aH. M. Brown, Instrumental music printed before 1600: a bibliography (Cambridge, MA, 1965),$c1546/7
=510  4\$aM.S. Lewis: Antonio Gardano, Venetian music printer 1538-1569: a descriptive bibliography and historical study (New York, 1988-97),$cno. 85
=510  4\$aRISM B/I,$c1546 ²⁹
=650  \0$aLute music.
=650  \0$aTablature (Music)
=700  0\$aJosquin,$cdes Prez,$d-1521,$ecomposer.
=700  1\$aGardane, Antonio,$d1509-1569,$eprinter.
=700  1\$aSermisy, Claudin de,$dapproximately 1490-1562,$ecomposer.
=710  2\$aGardane (Firm),$eprinter.
=752  \\$aItaly$dVenice.$2lcsh/naf
=856  41$uhttp://purl.org/rism/BI/1546/29$yDigitised score
=859  \\$aXLD$bDCW
=852  4\$cDRT$jDigital Store K.1.c.13.$aBritish Library$bMUSIC
=985  \\$aRecord amended for WR# 13/070
=985  \\$aname title to add
=985  \\$aCorrected by MS generated file for WR# 1805-0738
=CAT  \\$aBATCH-DCW$b00$c20171115$lBLL01$h0210
=CAT  \\$a1805-0738$c20190111$lBLL01$h1807
=CAT  \\$a1805-0738$b00$c20190111$lBLL01$h1828
=FIN  \\$aY$d20171115
=LKR  \\$aPAR$lBLL01$r776$b004344202$mIntabolatura de lauto. de motetti recercari & canzoni francese : novamente ristampata /$nIntabolatura de lauto. de motetti recercari & canzoni francese : novamente ristampata /
=DGM  \\$a004344202$bCatBridge variable field
=DRT  \\$aDCW
=SRC  \\$aDCW$bDCW_20171114
=OHC  \\$a1
=LAS  \\$a1805-0738$b00$c20190111$lBLL01$h1828

