=LDR  04526 cm a2200697 a 4500
=001  018610010
=003  Uk
=005  20171115021044.0
=007  cr\mn\024mpada
=008  930317s1562\\\\it\||z\\s\\\\\\\\\\\zxx\\
=FMT  \\$a  MU
=019  d\$adc21900006
=040  \\$aUk$beng$cUk
=042  \\$aukblsr
=082  14$a780$215
=100  0\$aFrancesco,$cda Milano,$d1497-1543.
=240  10$aLute music.$kSelections
=245  10$aIntabolatura di liuto.$nLibro terzo :$bdi recercari, mardigali [i.e. madrigali], & canzoni francese : novamente ristampata & corretta /$cdi M. Francesco da Milano et Perino Fiorentino suo discipulo.
=264  \1$aIn Venetia :$bAppresso di Antonio Gardano,$c1562.
=300  \\$a[48] pages of music ;$c15 x 22 cm (oblong 4º)
=336  \\$anotated music$2rdacontent
=337  \\$acomputer$2rdamedia
=338  \\$aonline$2rdacarrier
=340  \\$m4to$2rdabf
=500  \\$a'De mon triste' is attributed to Richafort, 'Fort seulement' to Josquin or Fevin, and 'Quanta beltà', 'O felici occhi miei', 'Quanti travagli', 'Quand'io penso al martire' and 'Fort seulement' are all attributed to Arcadelt.
=500  \\$aCollection of music for lute in tablature.
=500  \\$aCopy at K.1.c.14. 24 leaves; paper dimensions: 145 x 210 mm.$5Uk
=500  \\$aCopy at K.1.c.14. Digitised score at http://purl.org/rism/BI/1562/23.$5Uk
=500  \\$aIncludes arrangements intabulated by Francesco da Milano and compositions by himself.
=500  \\$aReprint of RISM/BI 1547/21.
=500  \\$aTranscribed title page: INTABOLATVRA DE LIVTO / DI M. FRANCESCO DA MILANO / ET PERINO FIORENTINO SVO DISCI- / pulo. Di Recercari, Mardigali (sic) & Canzoni Francese. / Nouamente Ristampata & Corretta. / LIBRO TERZO / In Venetia appresso di / Antonio Gardano / 1562.
=500  \\$aWith table of contents divided in ricercars, madrigals and chansons.
=505  0\$aFantasia di F. da Milano / F. da Milano -- Fantasia di F. da Milano / F. da Milano -- Fantasia di F. da Milano / F. da Milano -- Fantasia di M. Perino / M. Perino -- Fantasia di F. da Milano / F. da Milano -- Fantasia di F. da Milano / F. da Milano -- De mon triste di F. da Milano / F. da Milano -- Fan. de mon triste di F. da M. / F. da M. -- Fantasia di F. da Milano / F. da Milano -- Fantasia di F. da Milano / F. da Milano -- Fantasia di F. da Milano / F. da Milano -- Fantasia di F. da Milano / F. da Milano -- Fantasia di Perino fiore[n]tino / Perino fiore[n]tino -- Quanta belta di F.da Milano / F.da Milano -- Fantasia di Perino fiore[n]tino / Perino fiore[n]tino -- Fantasia di F. da Milano / F. da Milano -- O felici occhi miei di P.Fior / P.Fior -- Fantasia di F. da Milano / F. da Milano -- Fantasia di F. da Milano / F. da Milano -- Quanti travagli di Perino Fior. / Perino Fior. -- Quand'io penso al martire di F. da Milano / F. da Milano -- Fort seulement -- Que voles vous dire de moy -- Vignon vignetta di F. da Milano / F. da Milano.
=510  4\$aH. M. Brown, Instrumental music printed before 1600: a bibliography (Cambridge, MA, 1965),$c1562/1
=510  4\$aRISM B/I,$c1562 ²³
=650  \0$aLute music.
=650  \0$aTablature (Music)
=700  0\$aJosquin,$cdes Prez,$d-1521,$ecomposer.
=700  0\$aPerino,$cFiorentino,$d1523-1552,$ecomposer.
=700  1\$aArcadelt, Jacob,$dapproximately 1505-1568,$ecomposer.
=700  1\$aFévin, Antoine de,$ecomposer.
=700  1\$aGardane, Antonio,$d1509-1569,$eprinter.
=700  1\$aRichafort, Jean,$dactive 1507-1548,$ecomposer.
=710  2\$aGardane (Firm),$eprinter.
=752  \\$aItaly$dVenice.$2lcsh/naf
=856  41$uhttp://purl.org/rism/BI/1562/23$yDigitised score
=859  \\$aXLD$bDCW
=852  4\$cDRT$jDigital Store K.1.c.14.$aBritish Library$bMUSIC
=985  \\$aRecord amended for WR# 13/070
=985  \\$aname title to add
=985  \\$aCorrected by MS generated file for WR# 1805-0738
=CAT  \\$aBATCH-DCW$b00$c20171115$lBLL01$h0210
=CAT  \\$a1805-0738$c20190111$lBLL01$h1807
=CAT  \\$a1805-0738$b00$c20190111$lBLL01$h1828
=FIN  \\$aY$d20171115
=LKR  \\$aPAR$lBLL01$r776$b004344203$mIntabolatura di liuto. di recercari, mardigali [i.e. madrigali], & canzoni francese : novamente ristampata & corretta /$nIntabolatura di liuto. di recercari, mardigali [i.e. madrigali], & canzoni francese : novamente ristampata & corretta /
=DGM  \\$a004344203$bCatBridge variable field
=DRT  \\$aDCW
=SRC  \\$aDCW$bDCW_20171114
=OHC  \\$a1
=LAS  \\$a1805-0738$b00$c20190111$lBLL01$h1828

