=LDR  13425ccm a2201549 a 4500
=001  018610011
=003  Uk
=005  20230403150557.0
=007  cr\mn\024mpada
=008  930317s1587\\\\it\||z\\s\\\\\\\\\\\lat\\
=FMT  \\$a  MU
=019  d\$add17240011
=040  \\$aUk$beng$cUk
=041  \\$alat$aita$gita
=042  \\$aukblsr
=082  14$a780$215
=100  1\$aGabrieli, Andrea,$dapproximately 1533-1585.
=240  10$aWorks.$kSelections
=245  10$aConcerti libro primo et secondo :$bcontinenti musica di chiesa, madrigali, & altro : per voci, & stromenti musicali à 6. 7. 8. 10. 12. & 16. /$cdi Andrea et di Gio. Gabrieli, organisti della sereniss. sig. di Venetia, novamente con ogni diligentia dati in luce.
=264  \1$aIn Venetia :$bAppresso Angelo Gardano,$c1587.
=300  \\$a12 part books ;$c26 cm (4º)
=336  \\$anotated music$2rdacontent
=337  \\$acomputer$2rdamedia
=338  \\$aonline$2rdacarrier
=340  \\$m4to$2rdabf
=500  \\$aCollection of motets, madrigals, dialoghi and instrumental pieces in six, seven, eight, ten, twelve and sixteen parts.
=500  \\$aCopy at E.17. Digitised score at http://purl.org/rism/BI/1587/16.$5Uk
=500  \\$aCopy at E.17. Quinto (40 leaves); original foliation: [i-ii], 1-77, [78] p.; paper dimensions: 246 x 168 mm.$5Uk
=500  \\$aTranscribed from Quinto part book, Libro secondo on p. 46: IL SECONDO LIBRO / DE CONCERTI DI ANDREA GABRIELI. / OVE SONO MADRIGALI, ET DIALOGHI / Diuersi a 6. 7. 8. 10. & 12. Voci.
=500  \\$aTranscribed title page from Quinto part book, Libro primo: CONCERTI / DI ANDREA, / ET DI GIO: GABRIELI / ORGANISTI / DELLA SERENISS. SIG. DI VENETIA. / Continenti Musica DI CHIESA, Madrigali, / & altro, per voci, & stromenti Musi- / cali; à 6. 7. 8. 10. 12. & 16. / Nouamente con ogni diligentia dati in luce. / LIBRO PRIMO ET SECONDO. / CON PRIVILEGIO. / IN VENETIA. / Appresso Angelo Gardano. 1587.
=500  \\$aWith dedication page in Italian from Giovanni Gabrieli to Giacomo Fuccari, identified as Hans Fugger in Horstmann.
=505  0\$aBenedicam [Dominum in omni temporere] a12 / Andrea Gabrieli -- Deus misereatur [nostri] a12 / Andrea Gabrieli -- Angelus ad Pastores ait a12 / Giovanne Gabrieli -- Kyrie a5 / Andrea Gabrieli -- Gloria a16 / Andrea Gabrieli -- Sanctus a12 / Andrea Gabrieli -- Magnificat a12 / Andrea Gabrieli -- IL SECONDO LIBRO. Ivo piangendo (seconda parte: Si che, s'io vissi in guerra) a6 / Andrea Gabrieli -- Nel bel giardin' entrate (second part: Ma pria odorate) a6 / Andrea Gabrieli -- Chiaro sol di virtute (second part: Al chiaro suon) a6 / Andrea Gabrieli -- In nobil sangue (second part: Amor s'è in lei) a6 / Andrea Gabrieli [prima parte] / Giovanne Gabrieli [seconda parte] -- Dialogo. Io mi sento morire a7 / Andrea Gabrieli -- Dialogo. Dunque fia vero (seconda parte: Dunque il consenti) a7 / Andrea Gabrieli -- Dialogo. Tirsi morir volea a7 / Andrea Gabrieli -- Dialogo. Dolce nemica mia) a7 / Giovanne Gabrieli -- Dialogo. A le guancie di rose a8 / Andrea Gabrieli -- Pront'era l'alma mia (seconda parte: E cert'anco) a8 / Andrea Gabrieli -- Dialogo. Tirsi, che fai a8 / Andrea Gabrieli -- Hor che nel suo bel seno a8 / Andrea Gabrieli -- Risonanza di Echo. O Dea che tra le selve a8 / Andrea Gabr -- Dialogo. Quand'havrà fine Amore a8 / Andrea Gabrieli -- Ecco la vaga aurora a8 / Andrea Gabrieli -- Sento un rumor [second part] Alla battaglia a8 / Andrea Gabr -- Ricercar per sonar a8 / Andrea Gabrieli -- Per cantar & sonar. Lieto godea a8 / Giovanne Gabr -- Del gran Tuo[n]ante (seconda parte: Quei vinto dal furor) a10 / Andrea Gabrieli -- Dialogo. A Dio, dolce vita mia a10 / Gioanne Gabrieli -- Ecco Vinegia bella a12 / Andrea Gabrieli -- O passi sparsi a12 / Andrea Gabr -- Sacri di Giove augei a12 / Giovanne Gabrieli.
=505  0\$aSancta Maria, succurre miseris a6 / Andrea Gabrieli -- Eructavit cor meum verbum bonum a6 / Andrea Gabr -- Emendemus in melius a6 / Andrea Gabr -- Isti sunt triumphatores a6 / Andrea Gabrieli -- Maria stabat ad monumentum a6 / Andrea Gabrieli -- O gloriosa Domina a6 / Andrea Gabr -- Beatus vir, qui non abijt in consilio a6 / Andrea Gabrieli -- Iniquos odio habui a6 / Andrea Gabrieli -- Inclina Domine aurem tuam a6 / Gioanne Gabrieli -- Angelus ad pastores ait a7 / Andrea Gabrieli -- Domine Deus a7 / Andrea Gabrieli -- Judica me Deus a7 / Andrea Gabrieli -- Hodie Christus natus est a7 / Andrea Gabrieli -- Nativitas tua Dei genitrix virgo a7 / Andrea Gabrieli -- Angelus Domini desce[n]dit a7 / Andrea Gabrieli -- Usquequo Domine oblivisceris me in finem a7 / Andrea Gabrieli -- Maria Magdalene, Maria Jacobi & Salome a7 / Andrea Gabrieli -- Deus qui beatum Marcum a7 / Andrea Gabrieli -- Ego dixi, Domine miserere mei a7 / Giovanne Gabrieli -- Benedictus Dominus Deus Sabaoth a8 / Andrea Gabrieli -- Expurgate vetus fermentum a8 / Andrea Gabrieli -- Egredimini & videte a8 / Andrea Gabrieli -- Beati immaculati [in via] a8 / Andrea Gabrieli -- Congratulamini mihi omnes a8 / Andrea Gabrieli -- O salutaris hostia a8 / Andrea Gabrieli -- Exsurgat Deus, & dissipentur inimici eius a8 / Andrea Gabrieli -- Quem vidistis Pastores? a8 / Andrea Gabrieli -- Deus in nomine tuo salvu[m] me fac [second part] O Crux, sple[n]didior cu[n]ctis astris a8 / Andrea Gabrieli -- Deus qui beatum Marcum a8 / Andrea Gabrieli -- Jubilate Deo [omnis terra] a8 / Andrea Gabrieli -- Ave Regina caelorum a8 / Andrea Gabrieli -- O magnu[m] mysterium a8 / Gioanne Gabrieli -- Deus, Deus meus, respice in me a10 / Andrea Gabrieli -- Laudate Dominum [in sanctis eius] a10 / Andrea Gabrieli -- Exsultate justi in Domino a10 / Andrea Gabrieli -- Deus, Deus meus: ad te de luce vigilo a10 / Giovanne Gabrieli --
=510  4\$aA. Horstmann: Katalog der Musikdrucke aus der Zeit der Kasseler Hofkapelle (1550-1650) (Wiesbaden, 2005),$cvol. 1, 315-316
=510  4\$aE. Vogel: Bibliothek der gedruckten weltlichen Vocalmusik Italiens, aus den Jahren 1500 bis 1700 (Berlin, 1892/R),$cvol. 1, 252-253
=510  4\$aH. M. Brown, Instrumental music printed before 1600: a bibliography (Cambridge, MA, 1965),$c1587/3
=510  4\$aRISM B/I,$c1587 ¹⁶
=546  \\$aLatin or Italian words.
=650  \0$aMadrigals, Italian.
=650  \0$aMotets.
=700  1\$aFugger, Hans,$d1531-1598,$ededicatee.
=700  1\$aGardane, Alessandro,$dactive 1575-1591,$eprinter.
=700  12$aGabrieli, Andrea,$dapproximately 1533-1585.$tEcclesiasticae cantiones.$pAngelus ad pastores.
=700  12$aGabrieli, Andrea,$dapproximately 1533-1585.$tA le guancie di rose.
=700  12$aGabrieli, Andrea,$dapproximately 1533-1585.$tAngelus Domini descendit.
=700  12$aGabrieli, Andrea,$dapproximately 1533-1585.$tAve regina coelorum.
=700  12$aGabrieli, Andrea,$dapproximately 1533-1585.$tBeati immaculati.
=700  12$aGabrieli, Andrea,$dapproximately 1533-1585.$tBeatus vir qui non abiit.
=700  12$aGabrieli, Andrea,$dapproximately 1533-1585.$tBenedicam Dominum in omni tempore.
=700  12$aGabrieli, Andrea,$dapproximately 1533-1585.$tBenedictus Dominus Deus.
=700  12$aGabrieli, Andrea,$dapproximately 1533-1585.$tChiaro sol di virtute.
=700  12$aGabrieli, Andrea,$dapproximately 1533-1585.$tCongratulamini mihi omnes.
=700  12$aGabrieli, Andrea,$dapproximately 1533-1585.$tDel gran Tuonante.
=700  12$aGabrieli, Andrea,$dapproximately 1533-1585.$tDeus misereatur nostri.
=700  12$aGabrieli, Andrea,$dapproximately 1533-1585.$tDeus qui beatum Marcum,$msingers (7)
=700  12$aGabrieli, Andrea,$dapproximately 1533-1585.$tDeus qui beatum Marcum,$msingers (8)
=700  12$aGabrieli, Andrea,$dapproximately 1533-1585.$tDeus, Deus meus, respice in me.
=700  12$aGabrieli, Andrea,$dapproximately 1533-1585.$tDeus, in nomine tuo.
=700  12$aGabrieli, Andrea,$dapproximately 1533-1585.$tDomine, Deus meus, in te speravi.
=700  12$aGabrieli, Andrea,$dapproximately 1533-1585.$tDunque fia vero.
=700  12$aGabrieli, Andrea,$dapproximately 1533-1585.$tEcco Vinegia bella.
=700  12$aGabrieli, Andrea,$dapproximately 1533-1585.$tEcco la vaga aurora.
=700  12$aGabrieli, Andrea,$dapproximately 1533-1585.$tEgredimini et videte.
=700  12$aGabrieli, Andrea,$dapproximately 1533-1585.$tEmendemus in melius.
=700  12$aGabrieli, Andrea,$dapproximately 1533-1585.$tEructavit cor meum.
=700  12$aGabrieli, Andrea,$dapproximately 1533-1585.$tExpurgate vetus fermentum.
=700  12$aGabrieli, Andrea,$dapproximately 1533-1585.$tExultate iusti in Domino.
=700  12$aGabrieli, Andrea,$dapproximately 1533-1585.$tExurgat Deus.
=700  12$aGabrieli, Andrea,$dapproximately 1533-1585.$tHodie Christus natus est.
=700  12$aGabrieli, Andrea,$dapproximately 1533-1585.$tHor che nel suo bel seno.
=700  12$aGabrieli, Andrea,$dapproximately 1533-1585.$tI'vo piangendo,$mvoices (6)
=700  12$aGabrieli, Andrea,$dapproximately 1533-1585.$tIn nobil sangue.
=700  12$aGabrieli, Andrea,$dapproximately 1533-1585.$tIniquos odio habui.
=700  12$aGabrieli, Andrea,$dapproximately 1533-1585.$tIo mi sento morire.
=700  12$aGabrieli, Andrea,$dapproximately 1533-1585.$tIsti sunt triumphatores.
=700  12$aGabrieli, Andrea,$dapproximately 1533-1585.$tJubilate Deo omnis terra,$msingers (8).
=700  12$aGabrieli, Andrea,$dapproximately 1533-1585.$tJudica me Deus.
=700  12$aGabrieli, Andrea,$dapproximately 1533-1585.$tLaudate Dominum in sanctis eius.
=700  12$aGabrieli, Andrea,$dapproximately 1533-1585.$tMagnificat.
=700  12$aGabrieli, Andrea,$dapproximately 1533-1585.$tMaria Magdalenae, Maria lacobi, et Salome.
=700  12$aGabrieli, Andrea,$dapproximately 1533-1585.$tMaria stabat ad monumentum.
=700  12$aGabrieli, Andrea,$dapproximately 1533-1585.$tMissa$n(1587)
=700  12$aGabrieli, Andrea,$dapproximately 1533-1585.$tNativitas tua, Dei genetrix virgo.
=700  12$aGabrieli, Andrea,$dapproximately 1533-1585.$tNel bel giardin entrate.
=700  12$aGabrieli, Andrea,$dapproximately 1533-1585.$tO Dea, che tra le selve.
=700  12$aGabrieli, Andrea,$dapproximately 1533-1585.$tO gloriosa Domina.
=700  12$aGabrieli, Andrea,$dapproximately 1533-1585.$tO passi sparsi.
=700  12$aGabrieli, Andrea,$dapproximately 1533-1585.$tO salutaris hostia.
=700  12$aGabrieli, Andrea,$dapproximately 1533-1585.$tPront' era l'alma mia.
=700  12$aGabrieli, Andrea,$dapproximately 1533-1585.$tQuand'havrà fin' Amore.
=700  12$aGabrieli, Andrea,$dapproximately 1533-1585.$tQuem vidistis pastores?.
=700  12$aGabrieli, Andrea,$dapproximately 1533-1585.$tRicercar per sonar.
=700  12$aGabrieli, Andrea,$dapproximately 1533-1585.$tSancta Maria succurre miseris.
=700  12$aGabrieli, Andrea,$dapproximately 1533-1585.$tSento un rumor.
=700  12$aGabrieli, Andrea,$dapproximately 1533-1585.$tTirsi che fai.
=700  12$aGabrieli, Andrea,$dapproximately 1533-1585.$tTirsi morir volea.
=700  12$aGabrieli, Andrea,$dapproximately 1533-1585.$tUsquequo Domine.
=700  12$aGabrieli, Giovanni,$dapproximately 1554-1612.$tA Dio, dolce mia vita.
=700  12$aGabrieli, Giovanni,$dapproximately 1554-1612.$tAmor s'è in lei con honestate aggiunto.
=700  12$aGabrieli, Giovanni,$dapproximately 1554-1612.$tAngelus ad pastores ait.
=700  12$aGabrieli, Giovanni,$dapproximately 1554-1612.$tDeus, Deus meus, ad te.
=700  12$aGabrieli, Giovanni,$dapproximately 1554-1612.$tDolce nemica mia.
=700  12$aGabrieli, Giovanni,$dapproximately 1554-1612.$tEgo dixi.
=700  12$aGabrieli, Giovanni,$dapproximately 1554-1612.$tInclina Domine aurem tuam.
=700  12$aGabrieli, Giovanni,$dapproximately 1554-1612.$tLieto godea sedendo.
=700  12$aGabrieli, Giovanni,$dapproximately 1554-1612.$tO magnum mysterium.
=700  12$aGabrieli, Giovanni,$dapproximately 1554-1612.$tSacri di Giove augei, sacre fenici.
=700  12$aGabrieli, Giovanni,$dapproximately 1554-1612.$tWorks.$kSelections.
=710  2\$aGardane (Firm),$eprinter.
=752  \\$aItaly$dVenice.$2lcsh/naf
=856  41$uhttp://purl.org/rism/BI/1587/16$yDigitised score
=859  \\$aXLD$bDCW
=852  4\$cDRT$jDigital Store E.17.$aBritish Library$bMUSIC
=985  \\$aRecord amended for WR# 13/070
=985  \\$aCorrected by MS generated file for WR# 1805-0738
=CAT  \\$aBATCH-DCW$b00$c20171115$lBLL01$h0210
=CAT  \\$a1805-0738$c20190111$lBLL01$h1807
=CAT  \\$a1805-0738$b00$c20190111$lBLL01$h1828
=CAT  \\$aMFISHER$b40$c20230403$lBLL01$h1429
=CAT  \\$aMFISHER$b40$c20230403$lBLL01$h1433
=CAT  \\$aMFISHER$b40$c20230403$lBLL01$h1437
=CAT  \\$aMFISHER$b40$c20230403$lBLL01$h1441
=CAT  \\$aMFISHER$b40$c20230403$lBLL01$h1443
=CAT  \\$aMFISHER$b40$c20230403$lBLL01$h1456
=CAT  \\$aMFISHER$b40$c20230403$lBLL01$h1505
=FIN  \\$aY$d20171115
=LKR  \\$aPAR$lBLL01$r776$b004349094$mConcerti libro primo et secondo : continenti musica di chiesa, madrigali, & altro : per voci, & stromenti musicali à 6. 7. 8. 10. 12. & 16. /$nConcerti libro primo et secondo : continenti musica di chiesa, madrigali, & altro : per voci, & stromenti musicali à 6. 7. 8. 10. 12. & 16. /
=DGM  \\$a004349094$bCatBridge variable field
=DRT  \\$aDCW
=SRC  \\$aDCW$bDCW_20171114
=OHC  \\$a1
=LAS  \\$aMFISHER$b40$c20230403$lBLL01$h1505

