=LDR  04557 cm a22007577  4500
=001  018610012
=003  Uk
=005  20171115021044.0
=007  cr\mn\024mpada
=008  930317s1589\\\\it\||z\\s\\\\\\\\\\\ita\\
=FMT  \\$a  MU
=019  d\$ade15600001
=040  \\$aUk$beng$cUk
=041  \\$aita
=042  \\$aukblsr
=082  14$a780$215
=245  03$aLe gioie. Madrigali a cinque voci /$cdi diversi eccelmi musici della compagnia di Roma, novamente posti in luce. Libro primo.
=260  \\$aIn Venetia :$bAppresso Ricciardo Amadino,$cMDLXXXIX [1589].
=300  \\$a5 part books ;$c21 x 16 cm (4o)
=336  \\$anotated music$2rdacontent
=337  \\$acomputer$2rdamedia
=338  \\$aonline$2rdacarrier
=500  \\$aCollection of Italian madrigals in five parts (CATB5).
=500  \\$aCopy at C.217. Digitised score at http://purl.org/rism/BI/1589/7.$5Uk
=500  \\$aCopy at C.217. Quinto (12 leaves); original foliation: [i-ii], 1-21, [22] p.; paper dimensions: 206 x 150 mm.$5Uk
=500  \\$aTranscribed title page from quinto part book: LE GIOIE. / MADRIGALI / A CINQVE VOCI / DI DIVERSI ECCEL.MI MVSICI / DELLA COMPAGNIA DI ROMA, / Nouamente posti in luce. / LIBRO PRIMO. / IN VENETIA, M D LXXXIX. / Appresso Ricciardo Amadino.
=500  \\$aWith a dedication by Felice Anerio (chapel master of the Compagnia di Roma) printed on the verso of the title page, signed '24 di Luglio 1589'.
=505  0\$aLa dove par ch'ogn'altro si conforte / Gio: Maria Nanino -- Dunque perfido Amante / Gio: Pierluigi Pelestina -- Pensando che volete / Felice Anerio -- Rivi fontane e fiumi / Luca Marenzio -- A questo tuo famoso e sacro tempio / Annibal Stabile -- Quelle rose che colt'in paradiso / Felice Anerio -- S'appresso à questa neve / Oratio Griffi -- Donna la bella mano / Ruggier Giovanelli -- Ne i vostri dolci baci / Giovanni de Macque -- Sovr'una verde riva / Arcangelo Crivelli -- Amorose fiammelle Amor fuggea / Paolo Quagliati -- Arde il cor e la lingua / Annibal Zoilo -- Siatemi guida Angelici concenti / Gio: Troiano -- Qual pena e qual dolore / Gio: Andrea Dragoni -- Mentre il gran Giove / Paolo Belasio -- Com'è contrario il mio Nuvol celeste / Cristofano Malvezzi -- Da questa pietra Amore / Felice Anerio -- Al suo apparir il Sole / Bartolomeo Roi -- O leggiadretti e cari Occhi / Bernardino Nanino -- Ardo lunge e d'appresso / Gio: Batt. Lucatelli -- Ohime l'antica fiamma / Francesco Soriano.
=510  4\$aRISM B/I,$c1589 ⁷
=546  \\$aItalian words.
=700  1\$aAmadino, Ricciardo,$dactive 1572-1621,$eprinter.
=700  1\$aAnerio, Felice,$dapproximately 1560-1614,$ededicator,$ecomposer.
=700  1\$aBellasio, Paolo,$d1554-1594,$ecomposer.
=700  1\$aCrivelli, Arcangelo,$d1546-1617,$ecomposer.
=700  1\$aDragoni, Giovanni Andrea,$dapproximately 1540-1598,$ecomposer.
=700  1\$aGiovannelli, Ruggiero,$dapproximately 1560-1625,$ecomposer.
=700  1\$aGriffi, Orazio,$ecomposer.
=700  1\$aLocatello, Giovanni Battista,$dactive 1579-93,$ecomposer.
=700  1\$aMacque, Giovanni de,$dapproximately 1550-1614,$ecomposer.
=700  1\$aMalvezzi, Cristofano,$d1547-1599,$ecomposer.
=700  1\$aMarenzio, Luca,$d1553-1599,$ecomposer.
=700  1\$aNanino, Giovanni Maria,$d1543 or 1544-1607,$ecomposer.
=700  1\$aOrsini, Pietro,$ededicatee.
=700  1\$aPalestrina, Giovanni Pierluigi da,$d1525?-1594,$ecomposer.
=700  1\$aQuagliati, Paolo,$dapproximately 1555-1628,$ecomposer.
=700  1\$aRoy, Bartolomeo,$dapproximately 1530-1599,$ecomposer.
=700  1\$aSoriano, Francesco,$d1548 or 1549-1621,$ecomposer.
=700  1\$aStabile, Annibale,$dactive 16th century,$ecomposer.
=700  1\$aTroiano, Giovanni,$ecomposer.
=700  1\$aZoilo, Annibale,$dapproximately 1537-1592,$ecomposer.
=710  1\$aVertuosa compagnia dei musici di Roma.
=752  \\$aItaly$bVenice.$2lcsh/naf
=856  41$uhttp://purl.org/rism/BI/1589/7$yDigitised score
=859  \\$aXLD$bDCW
=852  4\$cDRT$jDigital Store C.217$aBritish Library$bMUSIC
=985  \\$aEarly Music Online project
=985  \\$aRecord amended for WR# 13/070
=985  \\$aname title to add
=CAT  \\$aBATCH-DCW$b00$c20171115$lBLL01$h0210
=FIN  \\$aY$d20171115
=LKR  \\$aPAR$lBLL01$r776$b004360614$mLe gioie. Madrigali a cinque voci /$nLe gioie. Madrigali a cinque voci /
=DGM  \\$a004360614$bCatBridge variable field
=DRT  \\$aDCW
=SRC  \\$aDCW$bDCW_20171114
=OHC  \\$a1
=LAS  \\$aBATCH-DCW$b00$c20171115$lBLL01$h0210

