=LDR  05883 cm a22009377  4500
=001  018610013
=003  Uk
=005  20171115021044.0
=007  cr\mn\024mpada
=008  930322s1583\\\\it\||z\\s\\\\\\\\\\\ita\\
=FMT  \\$a  MU
=019  d\$aef12480002
=040  \\$aUk$beng$cUk
=041  \\$aita
=042  \\$aukblsr
=082  14$a780$215
=245  03$aIl Lauro verde, madrigali à sei voci /$cdi diversi autori.
=264  \1$aFerrara :$bper Vittorio Baldini,$c1583.
=300  \\$a6 part books ;$c23 x 17 cm (4º)
=336  \\$anotated music$2rdacontent
=337  \\$acomputer$2rdamedia
=338  \\$aonline$2rdacarrier
=340  \\$m4to$2rdabf
=500  \\$aCollection of Italian madrigals in six parts (SATB56), with table of authors at the end.
=500  \\$aCopy at D.155. Digitised score at http://purl.org/rism/BI/1583/10.$5Uk
=500  \\$aCopy at D.155. Quinto (34 leaves); original foliation: Quinto: [1], 2-34 f.; paper dimensions: 213 x 152 mm.$5Uk
=500  \\$aTranscribed title page from quinto part book: IL LAVRO VERDE, / MADRIGALI / À SEI VOCI / di diuersi Autori / IN FERRARA, / Per Vittorio Baldini. 1583.
=505  0\$aBianchi Cigni, e canori (seconda parte: Alzate il novo Lauro oltra le stelle; terza parte: Guidate dolci, & amorosi balli) / Luca Marentio -- Cresci, pianta novella / Costanzo Porta -- Già primavera di vari colori / Giovan Battista Lucatello -- Io vidi Amor con pargoletta mano / Giovanni di Macque -- Verde Lauro è'l mio core / Filippo di Monte -- Cresci, bel, verde Alloro / Leonardo Meldert -- La giovinetta scorza / Lelio Bertani -- Chi vuol veder nel verde / Antonio Orlandini -- Da i puri loro, e limpidi cristalli / Gio: Maria Nanino -- Ninfe leggiadre, e voi almi Pastori / Giaches VVert -- Verder Lauro gentil gradito in Cielo / Annibal Stabile -- Liete le Muse à l'ombra / Francesco Rovigo -- Ecco il bel Lauro verde / Luzzasco Luzzaschi -- Dal mio Lauro novello / Spirto da Reggio -- Da questo novo Lauro Prendon le verdeggianti / Francesco Soriano -- Pianta gentil, che co' bei rami ascendi / Nicoló Peruve -- Spargan Flora, e Giunon tranquille / Ruggiero Giovanelli -- Verdi piagge, fiorite, Cui sempre intorno gira / Bartolomeo Roy -- Lascian le fresche linfe / Horatio Vecchi -- Laura, che'l verde Lauro, e l'aurea spoglia / Ascanio Trombetti -- Tra verdi rami d'un novello Alloro / Hippolito Fiorino -- Felice primavera Di bei pensier fiorisce nel mio core / Paolo Virchi -- Mentr'io fuggia schernito / Alessandro Milleville -- Del secco incolto Lauro / Gio. Battista Moscaglia -- Cari, leggiadri, & amorosi augelli / Paolo Isnardi -- Amor, se, tua mercè, d'un secco Lauro / Jacopo Corfini -- D'un novo, e verde Lauro / Gioanni Cavaccio -- Come il Lauro non perde / Leandro Mira -- Amor, che vide un giorno / Paulo Bellasio -- Sovra le verdi chiome / Andrea Ruotta -- Quanto felici sete Leggiadretti pastori / Filippo Nicoletti.
=510  4\$aRISM B/I,$c1583 ¹⁰
=546  \\$aItalian words.
=650  \0$aMadrigals, Italian.
=700  1\$aBaldini, Vittorio,$d-1618,$eprinter.
=700  1\$aBellasio, Paolo,$d1554-1594,$ecomposer.
=700  1\$aBertani, Lelio,$dapproximately 1550-approximately 1620,$ecomposer.
=700  1\$aCavaccio, Giovanni,$dapproximately 1556-1626,$ecomposer.
=700  1\$aCorfini, Jacopo,$d-1591,$ecomposer.
=700  1\$aFiorini, Ippolito,$d1542-1615,$ecomposer.
=700  1\$aGiovannelli, Ruggiero,$dapproximately 1560-1625,$ecomposer.
=700  1\$aIsnardi, Paolo,$d1536-1596,$ecomposer.
=700  1\$aLocatello, Giovanni Battista,$dactive 1579-93,$ecomposer.
=700  1\$aLuzzaschi, Luzzasco,$d-1607,$ecomposer.
=700  1\$aMacque, Giovanni de,$dapproximately 1550-1614,$ecomposer.
=700  1\$aMarenzio, Luca,$d1553-1599,$ecomposer.
=700  1\$aMeldert, Leonardo,$dapproximately 1535-1610,$ecomposer.
=700  1\$aMilleville, Alessandro,$d1521?-1589,$ecomposer.
=700  1\$aMira, Leandro,$dactive 1566-1592,$ecomposer.
=700  1\$aMonte, Philippe de,$d1521-1603,$ecomposer.
=700  1\$aMoscaglia, Giovanni Battista,$d-1589,$ecomposer.
=700  1\$aNanino, Giovanni Maria,$d1543 or 1544-1607,$ecomposer.
=700  1\$aNicoletti, Filippo,$dactive 1577-1620,$ecomposer.
=700  1\$aOrlandini, Antonio,$ecomposer.
=700  1\$aPeruve, Nicolas,$ecomposer.
=700  1\$aPorta, Costanzo,$d1528 or 1529-1601,$ecomposer.
=700  1\$aPratoneri, Gaspero,$dactive 1566-1595,$ecomposer.
=700  1\$aRovigo, Francesco,$d1541 or 1542-1597,$ecomposer.
=700  1\$aRoy, Bartolomeo,$dapproximately 1530-1599,$ecomposer.
=700  1\$aRuotta, Andrea,$ecomposer.
=700  1\$aSoriano, Francesco,$d1548 or 1549-1621,$ecomposer.
=700  1\$aStabile, Annibale,$dactive 16th century,$ecomposer.
=700  1\$aTrombetti, Ascanio,$d1544-1590,$ecomposer.
=700  1\$aVecchi, Orazio,$d1550-1605,$ecomposer.
=700  1\$aVirchi, Paolo,$d1551 or 1552-1610,$ecomposer.
=700  1\$aWert, Giaches de,$d1535-1596,$ecomposer.
=752  \\$aItaly$dFerrara.$2lcsh/naf
=856  41$uhttp://purl.org/rism/BI/1583/10$yDigitised score
=859  \\$aXLD$bDCW
=852  4\$cDRT$jDigital Store D.155$aBritish Library$bMUSIC
=985  \\$aEarly Music Online project
=985  \\$aRecord amended for WR# 13/070
=985  \\$aname title to add
=985  \\$aCorrected by MS generated file for WR# 1805-0738
=CAT  \\$aBATCH-DCW$b00$c20171115$lBLL01$h0210
=CAT  \\$a1805-0738$c20190111$lBLL01$h1807
=CAT  \\$a1805-0738$b00$c20190111$lBLL01$h1828
=FIN  \\$aY$d20171115
=LKR  \\$aPAR$lBLL01$r776$b004470116$mIl Lauro verde, madrigali à sei voci /$nIl Lauro verde, madrigali à sei voci /
=DGM  \\$a004470116$bCatBridge variable field
=DRT  \\$aDCW
=SRC  \\$aDCW$bDCW_20171114
=OHC  \\$a1
=LAS  \\$a1805-0738$b00$c20190111$lBLL01$h1828

