=LDR  05196 cm a22006737  4500
=001  018610014
=003  Uk
=005  20171115021044.0
=007  cr\mn\024mpada
=008  930323s1587\\\\gw\||z\\s\\\\\\\\\\\mul\\
=FMT  \\$a  MU
=019  d\$afa20780080
=040  \\$aUk$beng$cUk
=041  \\$alat$ager$gger
=042  \\$aukblsr
=082  14$a780$215
=130  0\$aSuavissimas praestantissimorum nostrae aetatis artificum Italianorum cantilenas,$pliber 1
=245  10$aPrimus Liber suavissimas praestantissimorum nostrae aetatis artificum Italianorum cantilenas 4. 5. 6. & 8. vocum continens :$bquae partim Latinis, partim Germanicis, sacris ac pijs textibus ornatae, & nusquam hactenus in Germania excusae sunt.
=246  11$aDas erste Theil der lieblichsten Wälschen Gesenge, mit 4. 5. 6. und 8. stimmen$bwelche aus den vortrefflichsten Meistern dieser zeit gezogen, und mit Christlichen Lateinischen und Teutschen Texten gezieret, auch bisher in Teutschen Landen nie gedruckt worden.
=264  \1$aErphordiae :$bTypis Georgij Baumanni,$cMDLXXXVII [1587]
=300  \\$a6 part books ;$c20 x 16 cm (4º)
=336  \\$anotated music$2rdacontent
=337  \\$acomputer$2rdamedia
=338  \\$aonline$2rdacarrier
=340  \\$m4to$2rdabf
=500  \\$aCollection of motets and German sacred songs (i.e. translations of Italian songs into German).
=500  \\$aCopy at B.375. Digitised score at http://purl.org/rism/BI/1587/14.$5Uk
=500  \\$aCopy at B.375. SEXTA VOX (8 leaves); paper dimensions: 193 x 151 mm.$5Uk
=500  \\$aIndividual songs dedicated to Gräfin Dorothea von Mansfeldt ('[Es ist kein ander etc.] Auff Erden kein Hülff zu finden') and Frawen Elisabeth Gräfin of Schwarzburg ('Inn der Höhe sey Gott Ehr').
=500  \\$aSexta vox part book includes pieces 16-27, all of which are for four or more voices. 'Veritas manga valet' contains music for the DISCANTVS III and TENOR III. 'In der Höhe sey Gott her' contains music for ALTVS II. 'Inn der Höhe sey Gott Her' contains music for BASSVS for the primi chori.
=500  \\$aThe New Grove Dictionary of Music and Musicians does not list this book as a source for the works by Ferretti and Vecchi.
=500  \\$aTranscribed title page from sexta vox part book: PRIMVS LIBER / SVAVISSIMAS PRAESTAN= / tissimorum nostrae aetatis artificum / Italianorum cantilenas 4. 5. 6. & 8. vocum contnens, / quae partim Latinis, partim Germanicis, sacris ac pijs / textibus ornatae, & nusquam hactenus in Ger- / mania excusae sunt. / Das Erste Theil / Der lieblichsten Wälschen Ge= / senge, mit 4. 5. 6. vnd 8. stimmen, welche aus / den vortrefflichsten Meistern dieser zeit gezogen, Und mit / Christlichen Lateinischen und Teutschen Texten gezieret, Auch / bisher in Teutschen Landen nie ge- / druckt worden. / SEXTA VOX. / Exercitium Musices est sensus initij vita aterna. / ERPHORDIAE / Typis Georgij Baumanni, Anno salutis. / M.D.LXXXVII.
=505  0\$aDeo nostro perennis / Andrea Gabrieli -- Adeste liberalem Dei beni / Oratio Vecchi -- O Fax certa precunq[ue] / Giovan Ferreti -- [Unicuiq[ue]] Suam viro puellam / Andrea Gabrieli -- Frewet euch in de[m] Herre[n] / Oratio Vecchi -- [Es ist kein ander etc.] Auff Erden kein Hülff zu finden / Luca Marenzio -- Gott ist getrew / Andrea Gabrieli -- Also hat Gott der Herr / Oratio Vecchi -- Veritas manga valet / Giovan Ferretti -- In der Höhe sey Gott ehr / Luca Marenzio -- Inn der Höhe sey Gott Ehr.
=510  4\$aRISM B/I,$c1587 ¹⁴
=546  \\$aLatin and German words.
=700  1\$aBaumann, Georg,$dactive 1557-1618,$eprinter.
=700  1\$aFerretti, Giovanni,$dapproximately 1540-approximately 1609,$ecomposer.
=700  1\$aGabrieli, Andrea,$dapproximately 1533-1585,$ecomposer.
=700  1\$aMarenzio, Luca,$d1553-1599,$ecomposer.
=700  1\$aVecchi, Orazio,$d1550-1605,$ecomposer.
=752  \\$aGermany$dErfurt.$2lcsh/naf
=856  41$uhttp://purl.org/rism/BI/1587/14$yDigitised score
=859  \\$aXLD$bDCW
=852  4\$cDRT$jDigital Store B.375$aBritish Library$bMUSIC
=985  \\$aEarly Music Online project
=985  \\$aRecord amended for WR# 13/070
=985  \\$aname title to add
=985  \\$aCorrected by MS generated file for WR# 1805-0738
=CAT  \\$aBATCH-DCW$b00$c20171115$lBLL01$h0210
=CAT  \\$a1805-0738$c20190111$lBLL01$h1807
=CAT  \\$a1805-0738$b00$c20190111$lBLL01$h1828
=CAT  \\$aBATCH-UPD$b00$c20191002$lBLL01$h1357
=FIN  \\$aY$d20171115
=LKR  \\$aPAR$lBLL01$r776$b004538695$mPrimus Liber suavissimas praestantissimorum nostrae aetatis artificum Italianorum cantilenas 4. 5. 6. & 8. vocum continens : quae partim Latinis, partim Germanicis, sacris ac pijs textibus ornatae, & nusquam hactenus in Germania excusae sunt.$nPrimus Liber suavissimas praestantissimorum nostrae aetatis artificum Italianorum cantilenas 4. 5. 6. & 8. vocum continens : quae partim Latinis, partim Germanicis, sacris ac pijs textibus ornatae, & nusquam hactenus in Germania excusae sunt.
=DGM  \\$a004538695$bCatBridge variable field
=DRT  \\$aDCW
=SRC  \\$aDCW$bDCW_20171114
=OHC  \\$a1
=LAS  \\$aBATCH-UPD$b00$c20191002$lBLL01$h1357

