=LDR  03797 cm a22006137  4500
=001  018610015
=003  Uk
=005  20171115021044.0
=007  cr\mn\024mpada
=008  930329s1592\\\\it\||z\\s\\\\\\\\\\\ita\\
=FMT  \\$a  MU
=019  d\$age12580009
=040  \\$aUk$beng$cUk
=041  \\$aita
=042  \\$aukblsr
=082  14$a780$215
=100  1\$aSoriano, Francesco,$d1548 or 1549-1621.
=240  10$aMadrigals,$mvoices (5),$nbook 2
=245  13$aIl secondo libro de madrigali a cinque voci /$cdi Francesco Soriano Romano. Nuovamente da lui composti e dati in luce
=264  \1$aIn Roma :$bAd istanza di Ascanio & Girolamo Donangeli. Per Francesco Coattini,$c1592.
=300  \\$a5 part books ;$c22 x 17 cm (4º)
=336  \\$anotated music$2rdacontent
=337  \\$acomputer$2rdamedia
=338  \\$aonline$2rdacarrier
=340  \\$m4to$2rdabf
=500  \\$aCollection of Italian madrigals in five and six parts, with table of contents at the end, and a dedication by Soriano to Scipione Gonzaga, signed 'Roma il di 9. Maggio. 1592.'. All five-part works except for the last madrigal, 'Vezzosetto fanciullo', which is in six parts.
=500  \\$aCopy at D.220. Canto (12 leaves), Tenore (12 leaves); original pagination: Canto: [i-ii], 1-21, [22] Tenore: [i-ii], 1-21, [22]; paper dimensions: 209 x 150 mm.$5Uk
=500  \\$aCopy at D.220. Digitised score at http://purl.org/rism/BI/1592/21.$5Uk
=500  \\$aTranscribed title page from canto part book: DI FRANCESCO / SORIANO / ROMANO / IL SECONDO LIBRO / DE MADRIGALI / A CINQVE VOCI / Nuouamente da lui composti e dati in luce. / CON LICENTIA DE' SVPERIORI. / IN ROMA / Ad instanza di Ascanio, & Girolamo Donangeli. / Per Francesco Coattini. M.D.XCII.
=505  0\$aDeh dimmi pria signor che le faville -- Oscura notte parmi ovunque miro -- Ohime l'antica fiamma Ch'era sopita à l'aura -- Vltimi miei sospiri Che mi lasciate -- Vibra l'accesa mano -- Quando la mesta Italia in ferro e'n foco -- Ameni colli vaghi monticelli -- Occhi miei già non occhi (seconda parte: Come foste fenestre che mandaste) -- Dolcissimo piacere Che sgombri all'apparire -- Ninfa la falsa mano Che per donar porgesti -- Quando vera pietade e vera luce -- Mestissimi concenti Di flebile armonia -- Come dirò di quel bel lume ardente / Gio. Battista Montanari -- Vaga bellezza e bionde treccie -- Dolorosi martir fieri tormenti -- Ecco ch'à voi ne viene -- Cruda sirena ch'ancidendo vai -- Gioia mia quanto sei bella -- Perle e rubini i fior vermigli -- A sei voci. Vezzosetto fanciullo A cui la donna mia.
=510  4\$aRISM B/I,$c1592 ²¹
=700  1\$aCoattino, Francesco,$dactive 1589-1594,$ecomposer.
=700  1\$aDonangeli, Ascanio,$eprinter.
=700  1\$aDonangeli, Girolamo,$eprinter.
=700  1\$aGonzaga, Scipione,$d1542-1593,$ededicatee.
=700  1\$aMontanari, Giovanni Battista,$ecomposer.
=700  1\$aSoriano, Francesco,$d1548 or 1549-1621,$ecomposer.
=752  \\$aItaly$dRome.$2lcsh/naf
=856  41$uhttp://purl.org/rism/BI/1592/21$yDigitised score
=859  \\$aXLD$bDCW
=852  4\$cDRT$jDigital Store D.220.$aBritish Library$bMUSIC
=985  \\$aRecord amended for WR# 13/070
=985  \\$aname title to add
=985  \\$aCorrected by MS generated file for WR# 1805-0738
=CAT  \\$aBATCH-DCW$b00$c20171115$lBLL01$h0210
=CAT  \\$a1805-0738$c20190111$lBLL01$h1807
=CAT  \\$a1805-0738$b00$c20190111$lBLL01$h1828
=FIN  \\$aY$d20171115
=LKR  \\$aPAR$lBLL01$r776$b004669050$mIl secondo libro de madrigali a cinque voci /$nIl secondo libro de madrigali a cinque voci /
=DGM  \\$a004669050$bCatBridge variable field
=DRT  \\$aDCW
=SRC  \\$aDCW$bDCW_20171114
=OHC  \\$a1
=LAS  \\$a1805-0738$b00$c20190111$lBLL01$h1828

