=LDR  05672ccm a22007817  4500
=001  018610016
=003  Uk
=005  20230728165320.0
=007  cr\mn\024mpada
=008  930401s1569\\\\it\||z\\s\\\\\\\\\\\ita\\
=FMT  \\$a  MU
=019  d\$agj13350001
=040  \\$aUk$beng$cUk
=041  \\$aita$gita
=042  \\$aukblsr
=082  14$a780$215
=245  00$aMusica de' virtuosi della Florida Capella dell'illustrissimo et eccellentis S. Duca di Baviera a cinque voci.$nLibro primo /$ccon le rime del S. Antonio Minturno.
=264  \1$aIn Vinegia :$bAppresso Girolamo Scotto,$cMDLXIX [1569]
=300  \\$a5 part books ;$c22 x 16 cm (4º)
=336  \\$anotated music$2rdacontent
=337  \\$acomputer$2rdamedia
=338  \\$aonline$2rdacarrier
=340  \\$m4to$2rdabf
=500  \\$aCollection of madrigals and one chanson, for five voices (SATB5).
=500  \\$aCopy at D.208. ALTO (16 leaves), BASSO (16 leaves); original pagination: Alto: [1-2], 3-15, [16]-31, [32] p.; Basso: [1-2], 3-15, 14, 17-31, [32] p.; paper dimensions: 106 x 150 mm.$5Uk
=500  \\$aCopy at D.208. Digitised score at http://purl.org/rism/BI/1569/19.$5Uk
=500  \\$aTitle from Alto part book.
=500  \\$aTranscribed title page from Alto part book: MVSICA / DE' VIRTUOSI DELLA FLORIDA CAPELLA / DELL'ILLVSTRISSIMO ET ECCELLENTIS. / S • DVCA DI BAVIERA / A cinque voci, con le rime Del S. ANTONIO Minturno. / LIBRO PRIMO. / IN VINEGIA, / APPRESSO GIROLAMO SCOTTO / M D LXIX.
=500  \\$aWith table of contents entitled: TAVOLA / DELLA MVSICA A CINQVE VOCI, / De vertuosi della Florida Capella di Baviera.
=505  0\$aAl dolce suon del mormorar de l'onde / Orlando Lasso -- (seconda parte: Mai non si vide piu seren'il cielo) / Gioseppo da Lucca -- (terza parte: Perche lontana da fallaci scogli) / Simon Gatto -- (quarta parte] Qual nave scorta da celeste lume) / Fileno Cornazzani -- (quinta parte: Et hor veggio fortuna) / Francesco da Lucca -- (sesta parte: Di color mill'e variate piagge) / Gio. Battista da Cremona -- (settima parte: Eolo crudel come turbasti l'onde) / Ant. Cossuvino -- (ottava parte: Oscur'abisso) / Ivo de Vento -- (nona parte: Ne piu riveggio per erbosi scogli) / Gio. Battista Romano -- (decima parte: Duolsi Giunon di non haver piu lume) / Leonardo Meldaert -- (undecima parte: Lungi dal mio tranquill'e fido porto) / Massimo Troiano -- (duodecima parte: Quando fia ch'io le verd'amiche piagge) / Massimo Troiano -- (ultima parte: Su per l'onde le fiere) / Massimo Troiano -- Spent'è d'amor la gloria (seconda parte: Ma che morta dico io s'hor bia[n]ca imperla) / Orlando Lasso -- Pensier dicea che 'l cor / Orlando Lasso (Stanza dell'Ariosto) -- A la dolce ombra de la nobil pianta / Gioseppo da Lucca -- (seconda parte: Vago d'un alt'e faticoso preggio) / Francesco da Lucca -- (terza parte: Mille lacciuoli havean le belle fronde) / Ivo de Vento -- (quarta parte: Sopra 'l bel verde di novelli fiori) / Massimo Troiano -- (quinta parte: Qual meraviglia se mi piacque'l bosco) / Antonio Cossuvino -- (sesta parte: Et hor'il canto e 'l refrigerio) / Gio. Battista da Cremona -- (ultima parte: Quando de l'alma pianta) / Massimo Troiano -- Miser'hoime chi potrà piu allegrarmi / Gioseppo da Lucca -- Siami tu scort'e guida / Gioseppo da Lucca -- Ben convenne madonna [second part] Solo n'andrò col mio mortale / Orlando Lasso (Rime dell'Illustre Sig. Don Giovan Manriq[ue]) -- Chanter je veux la gente / Orlando Lasso.
=510  4\$aJ. Bernstein: Music Printing in Renaissance Venice: The Scotto Press, 1539-72 (New York, 1998),$cno. 333.
=510  4\$aRISM B/I,$c1569 ¹⁹
=546  \\$aItalian words.
=650  \0$aMadrigals, Italian.
=650  \0$aPolyphonic chansons.
=700  0\$aAlbrecht$bV,$cDuke of Bavaria,$d1528-1579,$ededicatee.
=700  1\$aAriosto, Lodovico,$d1474-1533,$eauthor.
=700  1\$aCornazzani, Phileno Agostino,$dapproximately 1543-1628,$ecomposer.
=700  1\$aDa Cremona, Giovanni Battista,$ecomposer.
=700  1\$aGatto, Simon,$d-1595,$ecomposer.
=700  1\$aGosswin, Anton,$dapproximately 1546-1597 or 1598,$ecomposer.
=700  1\$aGuami, Gioseffo,$d1542-1611,$ecomposer.
=700  1\$aLasso, Orlando di,$d1532-1594,$ecomposer.
=700  1\$aManrique, Giovanni,$eauthor.
=700  1\$aMeldert, Leonardo,$dapproximately 1535-1610,$ecomposer.
=700  1\$aMinturno, Antonio,$d-approximately 1574,$eauthor.
=700  1\$aRomano, Giovanni Battista,$ecomposer.
=700  1\$aScotto, Girolamo,$eprinter.
=700  1\$aTroiano, Massimo,$dactive 16th century,$ecompiler and composer.
=700  1\$aVento, Ivo de,$dapproximately 1540-1575,$ecomposer.
=752  \\$aItaly$dVenice.$2lcsh/naf
=856  41$uhttp://purl.org/rism/BI/1569/19$yDigitised score
=859  \\$aXLD$bDCW
=852  4\$cDRT$jDigital Store D.208.$aBritish Library$bMUSIC
=985  \\$aRecord amended for WR# 13/070
=985  \\$aname title to add
=985  \\$aCorrected by MS generated file for WR# 1805-0738
=CAT  \\$aBATCH-DCW$b00$c20171115$lBLL01$h0210
=CAT  \\$a1805-0738$c20190111$lBLL01$h1807
=CAT  \\$a1805-0738$b00$c20190111$lBLL01$h1828
=CAT  \\$aMFISHER$b40$c20230728$lBLL01$h1653
=FIN  \\$aY$d20171115
=LKR  \\$aPAR$lBLL01$r776$b004709341$mMusica de' virtuosi della Florida Capella dell'illustrissimo et eccellentis S. Duca di Baviera a cinque voci.$nMusica de' virtuosi della Florida Capella dell'illustrissimo et eccellentis S. Duca di Baviera a cinque voci.
=DGM  \\$a004709341$bCatBridge variable field
=DRT  \\$aDCW
=SRC  \\$aDCW$bDCW_20171114
=OHC  \\$a1
=LAS  \\$aMFISHER$b40$c20230728$lBLL01$h1653

