=LDR  05166 cm a22006137  4500
=001  018610017
=003  Uk
=005  20171115021044.0
=007  cr\mn\024mpada
=008  930401s1595\\\\it\||z\\s\\\\\\\\\\\ita\\
=FMT  \\$a  MU
=019  d\$agk03550067
=040  \\$aUk$beng$cUk
=041  \\$aita
=042  \\$aukblsr
=082  14$a780$215
=100  1\$aVecchi, Orazio,$d1550-1605.
=245  10$aSelva di varia ricreatione /$cdi Horatio Vecchi, nella quale si contengono varij soggetti a 3. a 4. a 5. a 6. a 7. a 8. a 9. & a 10. voci, cioè madrigali, capricci, balli, arie, justiniane, canzonette, fantasie, serenate, dialoghi, un lotto amoroso, con una battaglia à diece nel fine, & accommodatovi la intavolatura di liuto alle arie, ai balli, & alle canzonette. Novamente ristampata & corretta.
=264  \1$aIn Venetia :$bAppresso Angelo Gardano,$cMDLXXXXV [1595]
=300  \\$a10 part books ;$c23 x 17 cm (4º)
=336  \\$anotated music$2rdacontent
=337  \\$acomputer$2rdamedia
=338  \\$aonline$2rdacarrier
=340  \\$m4to$2rdabf
=500  \\$aCollection of madrigals, capricci, arie, giustiniane, canzonette, and dialoghi in from three to ten parts, some of them with lute (SATB 5 6 7 8 9 10).
=500  \\$aCopy at D.250.f. Digitised score at http://purl.org/rism/BI/1595/12.$5Uk
=500  \\$aCopy at D.250.f. Octavo (8 leaves); original foliation: Octavo: [i], 38-41, 43-52, [53]; paper dimensions: 222 x 164 mm; Octavo part book only; the octavo book starts on page 35 with [Ecco Nuntio di gioia]; titles of the pieces not included in the octavo part book are taken from the table of contents.$5Uk
=500  \\$aSame contents as RISM B/I 1590 ³¹.
=500  \\$aTranscribed title page from octavo part book: SELVA / DI VARIA RICREA- / TIONE / DI HORATIO VECCHI, / Nella quale si contengono Varij soggetti / A 3. a 4. a 5. a 6. a 7. a 8. a 9. & a 10 voci, / Cioè Madrigali, Capricci, Balli, Arie, Iustiniane, Canzo- / nette, Fantasie, Serenate, Dialoghi, vn Lotto amo- / roso, Con vna Battaglia a Diece nel fine, / & accommodatoui la Intauolatura / di Liuto alle Arie, ai Balli, & / alle Canzonette. / Nouamente Ristampata & Corretta. / CON PRIVILEGIO. / In Venetia Appresso Angelo Gardano. / M. D. LXXXXV.
=500  \\$aWith table of contents ('Tavolla Della Selva di Varia Ricreatione D'Horatio Vecchi') separated into different genres.
=505  0\$a(Madrigali a 5) -- Se desio di fuggir -- Se tra verdi arbuscelli -- Al bel de tuoi capelli -- De la mia cruda (seconda parte: Ahi sorte priva) -- (Capricci a 5) -- Margarita dai Corai -- Tich toch, ch'è quel -- Cicirlanda.Vinata prima. -- Ie veu le Cerf. Vinata seconda -- Gitene Ninfe.Pavana -- Gioite tutti. Saltarello. -- Trivella. Saltarello -- Mostrava in ciel.Tedesca. -- (Arie a 3) -- Se gliè vero -- Amor opra che puoi -- Io spero, e temo -- Non vo pregare -- (Justiniane a 3) -- Sanitae allegrezza -- Deh vita allabastrina -- Mo magari colonna -- (Canzonette a 4) -- Damone e Filli -- Che fai Dori -- Deh prega Amore -- So ben mi c'ha buon tempo. Aria -- Fantasia à 4. Senza parole -- (Madrigali a 6) -- Sovra le lucid'onde (seconda parte: Ond'ei par) (terza parte: Et altri amorosetti) -- Tiridola non dormire (seconda parte: Sai ch'io ti dico) -- Affrettiamoci. Canzonetta a 6 -- O bella ò bianca. Villota a6 -- Dolcissima mia vita -- Lotto Amoroso a 7: Chi mette al lotto ò là (seconda parte: Sua ventura) (terza parte: Hora che'l crin) -- Dialogo a8: Ecco Nuncio di gioia. -- (sec. choro: Vieni ò morte) -- [Risonanza d'Eccho] (Risposta a8: [Echo rispondi]) -- [Diversi linguaggi a9] Il Pedante (Prima parte: Beneveniat (Seconda parte: Chi pulsa cosi) [Title: O Messir ò Patru] / Del Vecchi -- Dialogo à 10.-- O felici e cortesi -- Ecco su'l Tauro (per nozze) Col ballo -- Battaglia A 10. Amor'e Dispetto (P. parte: Accingetevi tutti) (Seconda parte: Da l'altra parte) (Terza parte: Ecco Mastra del campo) (Quarta & ultima parte: Intanto).
=510  4\$aA. Horstmann: Katalog der Musikdrucke aus der Zeit der Kasseler Hofkapelle (1550-1650) (Wiesbaden, 2005), vol. 1, 315-16.
=510  4\$aRISM B/I,$c1595 ¹²
=546  \\$aItalian words.
=650  \0$aVocal ensembles$vParts.
=700  1\$aFuccari, Giovanni,$cBaron of Kirchberg and Weissenhorn,$ededicatee.
=700  1\$aGardano, Angelo,$d1540-1611,$eprinter.
=700  1\$aMarenzio, Luca,$d1553-1599,$ecomposer.
=752  \\$aItaly$dVenice.$2lcsh/naf
=856  41$uhttp://purl.org/rism/BI/1595/12$yDigitised score
=859  \\$aXLD$bDCW
=852  4\$cDRT$jDigital Store D.250.f.$aBritish Library$bMUSIC
=985  \\$aname title to add
=985  \\$aCorrected by MS generated file for WR# 1805-0738
=CAT  \\$aBATCH-DCW$b00$c20171115$lBLL01$h0210
=CAT  \\$a1805-0738$c20190111$lBLL01$h1807
=CAT  \\$a1805-0738$b00$c20190111$lBLL01$h1828
=FIN  \\$aY$d20171115
=LKR  \\$aPAR$lBLL01$r776$b004715169$mSelva di varia ricreatione /$nSelva di varia ricreatione /
=DGM  \\$a004715169$bCatBridge variable field
=DRT  \\$aDCW
=SRC  \\$aDCW$bDCW_20171114
=OHC  \\$a1
=LAS  \\$a1805-0738$b00$c20190111$lBLL01$h1828

