=LDR  03702 cm a22006137  4500
=001  018610018
=003  Uk
=005  20171115021044.0
=007  cr\mn\024mpada
=008  930401s1571\\\\it\||z\\s\\\\\\\\\\\ita\\
=FMT  \\$a  MU
=019  d\$agk13960002
=040  \\$aUk$beng$cUk
=041  \\$aita$gita
=042  \\$aukblsr
=082  14$a780$215
=100  1\$aVinci, Pietro,$dapproximately 1535-1584.
=240  10$aMadrigals,$mvoices (6),$nbook 1
=245  13$aIl primo libro de madrigali a sei voci.$cDi Pietro Vinci Siciliano della città di Nicosia, Maestro di capella nella città di Bergamo. Novamente posti in luce.
=264  \1$aIn Vinegia :$bAppresso Girolamo Scotto,$cMDLXXI [1571]
=300  \\$a6 part books ;$c22 x 16 cm (4º)
=336  \\$anotated music$2rdacontent
=337  \\$acomputer$2rdamedia
=338  \\$aonline$2rdacarrier
=340  \\$m4to$2rdabf
=500  \\$aCollection of madrigals for six voices (SATB 56), with an alphabetical list of contents, dedicated to Ottavio Farnese.
=500  \\$aCopy at D.177.a. ALTO (12 leaves); original pagination: [1-2], 3-23, [24] p.; paper dimensions: 206 x 150 mm.$5Uk
=500  \\$aCopy at D.177.a. Digitised score at http://purl.org/rism/BI/1571/13.$5Uk
=500  \\$aTranscribed title page from alto part book: DI PIETRO VINCI / SICILIANO / DELLA CITTA DI NICOSIA / Maestro di capella nella Città di Bergamo. / IL PRIMO LIBRO DE MADRIGALI A SEI VOCI. / Nuouamente posti in luce. / IN VINEGIA, / APPRESSO GIROLAMO SCOTTO, / M D LXXI.
=505  0\$aPassa la nave mia colma d'oblio (seconda parte: Pioggia di lagrimar nebbia di sdegni) -- Questa donna gentil tant'era bella -- Lasciatemi morire -- Chi non sa che chi v'ama -- Io sarò sempr'avinto a tutte l'hore -- Sestina. A qualunque animale alberga in terra (seconda stanza: Et io da che comincia la bell'alba) (terza stanza: Quando la sera scaccia il chiaro giorno) (quarta stanza: Non credo che pascesse mai per selva) (quinta stanza: -- Prima ch'i torni a voi lucenti stelle) (ultima stanza: Con lei foss'io da che si parte il Sole -- Amor [fra l'herbe] una leggiadra rete (seconda parte: E 'l chiaro lume che sparir fa 'l Sole) -- Quantunque a voi lontano (seconda parte: Voi sola mi poneste) Apremi Amor le labbia esci soave / Leandro Mira -- Amor mi strugg'il cor fortuna il priva / Leandro Mira -- I vo piangendo i miei passati tempi (second part: Si che [s'io viss'in guerr']et in tempesta) -- Vieni vieni himeneo / Leandro Mira.
=510  4\$aJ. Bernstein: Music Printing in Renaissance Venice: The Scotto Press, 1539-72 (New York, 1998),$cno. 381.
=510  4\$aRISM B/I,$c1571 ¹³
=546  \\$aItalian words.
=650  \0$aMadrigals, Italian.
=700  1\$aFarnese, Ottavio,$d1520-1586,$ededicatee.
=700  1\$aMira, Leandro,$dactive 1566-92,$ecomposer.
=700  1\$aScotto, Girolamo,$eprinter.
=752  \\$aItaly$dVenice.$2lcsh/naf
=856  41$uhttp://purl.org/rism/BI/1571/13$yDigitised score
=859  \\$aXLD$bDCW
=852  4\$cDRT$jDigital Store D.177.a.$aBritish Library$bMUSIC
=985  \\$aRecord amended for WR# 13/070
=985  \\$aname title to add
=985  \\$aCorrected by MS generated file for WR# 1805-0738
=CAT  \\$aBATCH-DCW$b00$c20171115$lBLL01$h0210
=CAT  \\$a1805-0738$c20190111$lBLL01$h1807
=CAT  \\$a1805-0738$b00$c20190111$lBLL01$h1828
=FIN  \\$aY$d20171115
=LKR  \\$aPAR$lBLL01$r776$b004719703$mIl primo libro de madrigali a sei voci.$nIl primo libro de madrigali a sei voci.
=DGM  \\$a004719703$bCatBridge variable field
=DRT  \\$aDCW
=SRC  \\$aDCW$bDCW_20171114
=OHC  \\$a1
=LAS  \\$a1805-0738$b00$c20190111$lBLL01$h1828

