=LDR  03850 cm a22005537  4500
=001  018610019
=003  Uk
=005  20171115021044.0
=007  cr\mn\024mpada
=008  930401s1566\\\\it\||z\\s\\\\\\\\\\\ita\\
=FMT  \\$a  MU
=019  d\$agk13960005
=040  \\$aUk$beng$cUk
=041  \\$aita
=042  \\$aukblsr
=082  14$a780$215
=100  1\$aVinci, Pietro,$dapproximately 1535-1584.
=240  10$aMadrigals,$mvoices (5),$nlibro 1
=245  13$aIl primo libro de madrigali a cinque voci /$cDi Pietro Vinci Siciliano della citta di Nicosia. Novamente ristampato, & da molti errori emendato
=260  \\$aIn Vinegia :$bAppresso Girolamo Scotto,$cMDLXVI [1566].
=300  \\$a5 part books ;$c22 x 16 cm (4o)
=336  \\$anotated music$2rdacontent
=337  \\$acomputer$2rdamedia
=338  \\$aonline$2rdacarrier
=500  \\$aCollection of madrigals in five parts (SATB5).
=500  \\$aCopy at D.177.c. Bassus (12 leaves); original pagination: [1], 2-24 p.; paper dimensions: 212 x 150 mm.$5Uk
=500  \\$aCopy at D.177.c. Digitised score at http://purl.org/rism/BI/1566/24.$5Uk
=500  \\$aPrevious editions include RISM B/I 1563/16 and 1564/20.
=500  \\$aTranscribed title page from basso part book: DI PIETRO VINCI SICILIANO / DELLA CITTA DI NICOSIA / IL PRIMO LIBRO DE MADRIGALI / A CINQVE VOCI. / Nouamente ristampato, & da molti errori emendato. / IN VINEGIA M• D• LXVI• / APPRESSO GIROLAMO SCOTTO.
=505  0\$aCANZON. Prima stanza. Che debbo far che mi consigl'amore (Seconda stanza: Amor tu 'l sent'ond'io teco) (Terza stanza: Caduta è la tua gloria) (Quarta stanza: Oime terra) (Quinta stanza: Piu che mai belle) (Sesta stanza: Donne voi che miraste) (Settima stanza: Pon fren'al gran dolor [eight part] Fuggi 'l sereno e 'l vede -- Non vid'un simil par d'amant'il sole -- Fin che signore in piu robusta etate (seconda parte: Che se 'n Principi'illustri) -- Amor m'ha posto come segn'a strale (seconda parte: I pensier son saette) -- Valle che di lamenti miei sei piena (seconda parte: Ben riconosco in voi) -- Mentre ch'el cor da gl'amorosi vermi (seconda parte: Quel foc'è morto e 'l copr'un picciol marmo) -- Aventuroso piu d'altro terreno (seconda parte: Ne ta[n]te volte ti vedrò giamai) / Giulio Severino -- Donna Reale anzi Dea ver'e pura (seconda parte: Costei volgendo gl'occh'il paradiso) -- Laura che 'l verde lauro (seconda parte: Si ch'io no[n] veggo) -- Laura serena che fra verdi fro[n]de (seconda parte: Le quali ella spargea si dolcemente) -- Laura ge[n]til che rasserena i poggi (seconda parte: Nel qual provo dolcezza) -- Se la mia vita da l'aspro torme[n]to (seconda parte: Pur mi darà tanta balda[n]z'amore) -- Temprar potess'in si soavi note -- O d'ardente virtut'ornat'e calda (seconda parte: Del vostro nome se mie rime intese) -- S'Amor novo consiglio (seconda parte: Imaginata guida la conduce).
=510  4\$aJ. Bernstein: Music Printing in Renaissance Venice: The Scotto Press, 1539-72 (New York, 1998),$cno. 275.
=510  4\$aRISM B/I,$c1566 ²⁴
=650  \0$aMadrigals, Italian.
=700  1\$aScotto, Girolamo,$eprinter.
=700  1\$aSeverino, Giulio,$dactive 16th century,$ecomposer.
=752  \\$aItaly$dVenice.$2lcsh/naf
=856  41$uhttp://purl.org/rism/BI/1566/24$yDigitised score
=859  \\$aXLD$bDCW
=852  4\$cDRT$jDigital Store D.177.c.$aBritish Library$bMUSIC
=985  \\$aRecord amended for WR# 13/070
=985  \\$aname title to add
=CAT  \\$aBATCH-DCW$b00$c20171115$lBLL01$h0210
=FIN  \\$aY$d20171115
=LKR  \\$aPAR$lBLL01$r776$b004719706$mIl primo libro de madrigali a cinque voci /$nIl primo libro de madrigali a cinque voci /
=DGM  \\$a004719706$bCatBridge variable field
=DRT  \\$aDCW
=SRC  \\$aDCW$bDCW_20171114
=OHC  \\$a1
=LAS  \\$aBATCH-DCW$b00$c20171115$lBLL01$h0210

