=LDR  04283ccm a22007097  4500
=001  018622149
=003  Uk
=005  20230914110515.0
=007  cr\mn\024mpada
=008  930317s1515\\\\it\||z\\s\\\\\\\\\\\lat\\
=FMT  \\$a  MU
=019  d\$adc00840004
=040  \\$aUk$beng$cUk
=041  \\$alat
=042  \\$aukblsr
=082  14$a780$215
=100  1\$aFévin, Antoine de,$ecomposer.
=240  10$aMasses.$kSelections.
=245  10$aMisse /$cAntonii de Fevin. Sancta trinitas. Mente tota. Ave Marie. Le vilayn jaloys. Roberti de Fevin. Quarti toni. Pier Zon.
=264  \1$a[Fossombrone] :$bImpressum Forosempronii per Octavianum Petrutiu,$c1515.
=300  \\$a4 part books (1 v) ;$c17 x 23 cm (oblong 4º)
=336  \\$anotated music$2rdacontent
=337  \\$acomputer$2rdamedia
=338  \\$aonline$2rdacarrier
=340  \\$m4to$2rdabf
=500  \\$aAccording to Stanley Boorman, this publication was issued in three editions of the same date. This is the third edition.
=500  \\$aCollection of five masses by Antoine de Fevin and others for four voices, SATB (all complete mass cycles), dedicated to Francesco Maria Della Rovere (1490-1538).
=500  \\$aColophon, end of bassus part book: Impressum Forosempronii per Octavianum Petrutiu[m] cive[m] forosemproni[n]sem Anno / D[omi]ni. MDXV. Die xxii Nove[m]bris. Dominante i[n]clito ad excellentissimo Principe D[omi]no / Fra[n]ciscomaria Feltrio de Ruere: Urbini Duce: Pisauri & c. D[omi]no Alme Urbis p[re]fecto. / Impressum cu[m] privilegio Leonis. X. Pont. Max. ne [quis] i[n]fra .XV. annos p[rese]ns opus Im- / primere audeat i[n] terris eccl[esiast]i[c]e i[m]mediate v[e]l mediate subjectis sub pe[n]a excomu[n]icatio[n]is / & alijs penis tam imprime[n]tibus qui ve[n]de[n]tibus impositis provt imprivilegio latius / continetur. [to the right:] Registrum. / A B C D E F G H. O[mn]es / quarterni p[re]ter D qui est duer- / nus & H ternus.
=500  \\$aCopy at K.1.d.12. Digitised score at http://purl.org/rism/BI/1515/1.$5Uk
=500  \\$aCopy at K.1.d.12. Sup (15 leaves), Altus (16 leaves), tenor (12 leaves), Bassus (14 leaves); paper dimensions: 158 x 215 mm.$5Uk
=500  \\$aTitle given on altus, tenor and bassus part books is 'Fevin'.
=500  \\$aTranscribed title page from superius part book: Misse Antonii de Feuin. / Sancta trinitas. / Mente tota. / Aue Maria. / Le vilayn ialoys. Roberti de feuin. / Quarti toni. Pier zon.
=505  0\$aSancta Trinitas / Antonius de Fevin -- Mente Tota / Ant. Fevin -- Ave Maria / Ant. de fevin -- Le vilayn jaloyse / Robertus de fevin - Quarti / Pier zon.
=510  4\$aJohn Milsom, 'The Nonsuch Music Library', in Chris Banks, Arthur Searle and Malcolm Turner (eds.), Sundry Sorts of Music Books: Essays on The British Library Collections, Presented to O. W. Neighbour on his 70th Birthday (London, 1993), 146-82,$cno. 14.
=510  4\$aRISM B/I,$c1515 ¹
=510  4\$aStanley Boorman, Ottaviano Petrucci: A Catalogue Raisonné (Oxford: Oxford University Press, 2006),$cno. 61B.
=546  \\$aLatin words.
=650  \0$aMasses
=700  1\$aArundel, Henry Fitz Alan,$cEarl of,$d1512-1580,$eformer owner.$5Uk.
=700  1\$aDella Rovere, Francesco Maria,$cduca d'Urbino,$d1490-1538,$ededicatee.
=700  1\$aLa Rue, Pierre de,$d-1518,$ecomposer.
=700  1\$aLumley, John Lumley,$cBaron,$d1534?-1609,$eformer owner.$5Uk.
=700  1\$aPetrucci, Ottaviano,$eprinter.
=752  \\$aItaly$dFossombrone.$2lcsh/naf
=856  41$uhttp://purl.org/rism/BI/1515/1$yDigitised score
=859  \\$aXLD$bDCW
=852  4\$cDRT$jDigital Store K.1.d.12.$aBritish Library$bMUSIC
=985  \\$aEarly Music Online project
=985  \\$aRecord amended for WR# 13/070
=985  \\$aname title to add
=985  \\$aCorrected by MS generated file for WR# 1805-0738
=CAT  \\$aBATCH-DCW$b00$c20171127$lBLL01$h0201
=CAT  \\$a1805-0738$c20190111$lBLL01$h1807
=CAT  \\$a1805-0738$b00$c20190111$lBLL01$h1828
=CAT  \\$aMFISHER$b40$c20230914$lBLL01$h1105
=FIN  \\$aY$d20171127
=LKR  \\$aPAR$lBLL01$r776$b004335642$mMisse /$nMisse /
=DGM  \\$a004335642$bCatBridge variable field
=DRT  \\$aDCW
=SRC  \\$aDCW$bDCW_20171126
=OHC  \\$a1
=LAS  \\$aMFISHER$b40$c20230914$lBLL01$h1105

