=LDR  04129 cm a22007097  4500
=001  018622152
=003  Uk
=005  20171127020122.0
=007  cr\mn\024mpada
=008  930323s1508\\\\it\||z\\s\\\\\\\\\\\lat\\
=FMT  \\$a  MU
=019  d\$aek11010001
=040  \\$aUk$beng$cUk
=041  \\$aita
=042  \\$aukblsr
=082  14$a780$215
=130  0\$aMasses.$kSelections
=245  10$aMissarum diverso[rum] auctoru[m] :$nLiber primus.$bSi dedero Oberth [i.e. Obrecht] /$cDe fra[n]za Philippus basiron. Dringhs Brumel. Nastu pas Gaspar. De sancto Antonio Piero de la rue.
=246  1\$aLibri primi missa[rum] Diuersoru[m] auto[rum].
=264  \1$a[Venice] :$bImpressum Venetijs per Octavianu [m] Petrutium,$c1508.
=300  \\$a4 part books (1 v) ;$c17 x 23 cm (oblong 4º)
=336  \\$anotated music$2rdacontent
=337  \\$acomputer$2rdamedia
=338  \\$aonline$2rdacarrier
=340  \\$m4to$2rdabf
=500  \\$aCollection of masses in four parts (SATB).
=500  \\$aColophon, bassus part book: Impressum Venetijs per Octavianu[m] Pe / trutiu[m] forosempronie[n]sem. 1508. Die. 15 / Martij. Cu[m] privilegio juictissimi Dominij / Veneria[rum] [quae] nullus possit cantu[m] figura- / tum imprimere sub pena in ipso privilegio / contenta. Registru[m]. AA BB CC DD EE FF GG O[mn]es [qua]terni p[ro]pter BB CC [qui] su[n]t q[ui]nterni [et] GG qui est ternus.
=500  \\$aCopy at K.1.d.8. Digitised score at http://purl.org/rism/BI/1509/1.$5Uk
=500  \\$aCopy at K.1.d.8. [Superius] (16 leaves), A[ltus] (16 leaves), T[enor] (10 leaves), B[assus] (14 leaves); paper dimensions: 158 x 214 mm.$5Uk
=500  \\$aStanley Boorman notes that the Venetian New Year began on 1 March, so this volume should be dated 1508, not 1509, as given in RISM (Boorman, p. 688).
=500  \\$aTranscribed title page from superius part book: Missarum diuerso[rum] / auctoru[m] Liber / primus. / Si dedero Obreth. / De fra[n]za Philippus basiron. / Dringhs Brumel. / Nastu pas Gaspar. / De sancto Antonio Piero de / la rue.
=505  0\$aSi dedero / Jacobus obreth -- Messa de franza / Philippus Basiron -- De dringhs / Antonius Brumel -- Nastu pas / Gaspar -- De sancto Antonio / Piero de la rue.
=510  4\$aJohn Milsom, 'The Nonsuch Music Library', in Chris Banks, Arthur Searle and Malcolm Turner (eds.), Sundry Sorts of Music Books: Essays on The British Library Collections, Presented to O. W. Neighbour on his 70th Birthday (London, 1993), 146-82,$cno. 14.
=510  4\$aRISM B/I,$c1509 ¹
=510  4\$aStanley Boorman, Ottaviano Petrucci: A Catalogue Raisonné (Oxford: Oxford University Press, 2006),$cno. 43.
=546  \\$aItalian words.
=700  1\$aArundel, Henry Fitz Alan,$cEarl of,$d1512-1580,$eformer owner.$5Uk.
=700  1\$aBasiron, Philippe,$dapproximately 1449-1491,$ecomposer.
=700  1\$aBrumel, Antoine,$dapproximately 1460-approximately 1515,$ecomposer.
=700  1\$aLa Rue, Pierre de,$d-1518,$ecomposer.
=700  1\$aLumley, John Lumley,$cBaron,$d1534?-1609,$eformer owner.$5Uk.
=700  1\$aObrecht, Jacob,$d-1505,$ecomposer.
=700  1\$aPetrucci, Ottaviano,$eprinter.
=700  1\$aWeerbeke, Gaspar van,$dapproximately 1445-$ecomposer.
=752  \\$aItaly$dVenice.$2lcsh/naf
=856  41$uhttp://purl.org/rism/BI/1509/1$yDigitised score
=859  \\$aXLD$bDCW
=852  4\$cDRT$jDigital Store K.1.d.8$aBritish Library$bMUSIC
=985  \\$aEarly Music Online project
=985  \\$aRecord amended for WR# 13/070
=985  \\$aname title to add
=985  \\$aCorrected by MS generated file for WR# 1805-0738
=CAT  \\$aBATCH-DCW$b00$c20171127$lBLL01$h0201
=CAT  \\$a1805-0738$c20190111$lBLL01$h1807
=CAT  \\$a1805-0738$b00$c20190111$lBLL01$h1828
=FIN  \\$aY$d20171127
=LKR  \\$aPAR$lBLL01$r776$b004513661$mMissarum diverso[rum] auctoru[m] : Si dedero Oberth [i.e. Obrecht] /$nMissarum diverso[rum] auctoru[m] : Si dedero Oberth [i.e. Obrecht] /
=DGM  \\$a004513661$bCatBridge variable field
=DRT  \\$aDCW
=SRC  \\$aDCW$bDCW_20171126
=OHC  \\$a1
=LAS  \\$a1805-0738$b00$c20190111$lBLL01$h1828

