=LDR  07104 cm a22008537  4500
=001  018622153
=003  Uk
=005  20171127020122.0
=007  cr\mn\024mpada
=008  930323s1503\\\\it\||z\\s\\\\\\\\\\\lat\\
=FMT  \\$a  MU
=019  d\$afa20780001
=040  \\$aUk$beng$cUk
=041  \\$alat
=042  \\$aukblsr
=082  14$a780$215
=245  00$aMotetti de passione de cruce de sacramento de beata virgine et huiusmodi.
=264  \1$a[Venice] :$bImp [re] ssum Venetijs per Octauianum Petrutiu [m],$c1503.
=300  \\$a1 choir book ;$c18 x 24 cm (oblong 4º)
=336  \\$anotated music$2rdacontent
=337  \\$acomputer$2rdamedia
=338  \\$aonline$2rdacarrier
=340  \\$m4to$2rdabf
=500  \\$aCollection of motets in four parts (SATB).
=500  \\$aColophon: Imp[re]ssum Venetijs per Octauianum Petrutiu[m] forosem,pnien / sem 1503 die 10 Maij. Cum priuilegio inuictissimi Dominij / Venetiarum q[uae] nullus possit cantum figuratum imprimere / sub pena in ipso priuilegio contenta. / Registrum A B C D E F G H I Omnes quaterni.
=500  \\$aCopy at K.1.d.2. 72 leaves ([1-2], 3-71, [72] f.); paper dimensions: 165 x 236 mm.$5Uk
=500  \\$aCopy at K.1.d.2. Digitised score at http://purl.org/rism/BI/1503/1.$5Uk
=500  \\$aIn the colophon, 'forosem,pnien' should read 'forosempronien'.
=500  \\$aTranscribed title page: Motetti De passione De cruce De sacramento / De beata virgine et huiusmodi.
=500  \\$aWith table of contents (incomplete).
=505  0\$aLauda syon salvatorem (secunda pars: In hac me[n]sa novi regis; tertia pars: Sub diversis specieb[us]; quarta pars: A sume[n]te no[n] [con]cisus; quinta pars: Sumu[n]t boni sumu[n]t mali; sexta pars: Fraco demu[m] sacrum; septima pars: Ecce panis angelor[um]; octava pars: Bone pastor panis vere) / Brumel -- Panis angelicus / Gaspar -- Ave ver[um] co[r]p[us] natu[m] / Gaspar -- Aspice domine quia facta est / .Pe.biaumont -- Anima [Christi] s[an]ctifica me / Gaspar -- In nomine Jesu om[n]e genuflecta (In contents: Officium de cruce) (secunda pars: Adoram[us] te christe; tertia pars: Patris sapie[n]tia; quarta pars: Hora prima ductus est; quinta pars: Crucifige crucifige; sexta pars: Hora sexta Jesus est in cruce; septima pars: Hora nona d[omi]n[u]s Jesus; octava pars: De cruce deponitur; nona pars: Hora [com]pletorij datur) / Compere -- Ave ver[um] corp[us] natum / Gregoire -- Adoro te devote late[n]s / [Anon] -- Tu solus q[ue] facis mirabilia (secunda pars: Nobis esset falatia) / Josquin -- Ave maria Gratia plena / Regis -- [A]ve p[u]lcherrima regina / Agricola -- Ssa[n]cta maria quesum[us] / [Anon] - Ave decus virginale / Jo.marti -- Hec e[st] illa dulcis rosa / [Anon] -- Ave maria gratia plena / Crispinns -- Gaude virgo mater [Christi] / [Anon] -- Salve regina mat[er] misericordie (secunda pars: Et jesu[m] benedictu[m]) / [Anon] -- Quis dabit capiti meo aquam / Heinrich Isaac -- Sic unda impellitur unda / [Pierre Moulu].
=505  0\$aNon lotis manibus / Crispi. -- O D[omi]ne Jesu [Christe] adorote in cruce (In contents: Officium de passione) (secunda pars: O d[omi]ne Jesu [Christe] adorote in cruce; tertia pars: O domine Jesu christe adorote in sepulcro; quarta pars: O domine Jesu christe pastor bone; quinta pars: O domine Jesu christe p[ro]p[ter] illam) / Josquin -- Qui velat[us] facie fuisti (secunda pars: Hora [que] duct[us]; tertia pars: In flagelis potu[m] fellis; quarta pars: Honor [et] b[en]edictio; quinta pars: In amara crucis; sexta pars: Qui jacuisti mortuus; septima pars: Christu[m] duce[m] redemit nos) / Josquin -- Secundu[m] multitudine[m] / [Anon] -- Tenebre facte sunt / Gaspar -- Ave veru[m] corpus natu[m] (secunda pars: Vere passu[m] immolatum; tertia pars: Cuius latus p[er]foratu[s]; quarto pars: Esto nobis pregustatum); quinto pars: O dulcis o pie / Josquin -- Verbu[m] caro factu[m] e[st](secunda pars: cuius lat[us] p[er]foratu[s]) / Gaspar -- Domine non no[n] secu[n]du[m] peccata n[ost]ra (secunda pars: Domine ne memineris; tertia pars: Adiuva nos deus salutaris) / De:Orto -- Domine no[n] secundu[m] peccata nostra (secunda pars: Domine ne memineris; tertia pars: Adiuva nos deus salutaris) / Vaqueras -- Domine Non secu[n]du[m] peccata nostra (secunda pars: Domine ne memineris; tertia pars: Adiuva nos deus salutaris) / Josquin -- Tulerunt d[omi]n[u]m meum (secunda pars: Scio eni[m] [quae] rede[m]ptor) / [Michele Pesenti] Parce d[omi]ne parce populo tuo / Obreht -- Pangue lingua gloriosi / [Anon] -- Ave domina s[an]cta maria / [Anon] -- Parce d[omi]ne parce populo tuo / Franci --
=510  0\$aOttaviano Petrucci, Motetti de Passione, de Cruce, de Sacramento, de Beata Virgine et huiusmodi B, ed. Warren Drake (Chicago: University of Chicago Press, 2002).
=510  1\$aHarry B. Lincoln, The Latin Motet: Indexes to Printed Collections, 1500-1600 (Ottawa: Institute of Medieval Music, 1993).
=510  4\$aRISM B/I,$c1503 ¹
=510  4\$aStanley Boorman, Ottaviano Petrucci: A Catalogue Raisonné (Oxford: Oxford University Press, 2006),$cNo. 7.
=546  \\$aLatin words.
=650  \0$aMotets.
=700  0\$aJosquin,$cdes Prez,$d-1521,$ecomposer.
=700  1\$aAgricola, Alexander,$d1446?-1506,$ecomposer.
=700  1\$aBiamont, Petrus,$ecomposer.
=700  1\$aBrumel, Antoine,$dapproximately 1460-approximately 1515,$ecomposer.
=700  1\$aCompère, Loyset,$dapproximately 1445-1518,$ecomposer.
=700  1\$aFrancigena, A. Reginus,$ecomposer.
=700  1\$aGregoire,$ecomposer.
=700  1\$aIsaac, Heinrich,$dapproximately 1450-1517,$ecomposer.
=700  1\$aMartini, Johannes,$d-1497,$ecomposer.
=700  1\$aMoulu, Pierre,$ecomposer.
=700  1\$aObrecht, Jacob,$d-1505,$ecomposer.
=700  1\$aOrto, Marbriano de,$d-1529,$ecomposer.
=700  1\$aPesenti, Michele,$ecomposer.
=700  1\$aPetrucci, Ottaviano,$eprinter.
=700  1\$aRegis, Johannes,$dapproximately 1425-approximately 1496,$ecomposer.
=700  1\$aStappen, Crispin van,$dapproximately 1465-1532,$ecomposer.
=700  1\$aVaqueras, Bertrandus,$dapproximately 1450-approximately 1507,$ecomposer.
=700  1\$aWeerbeke, Gaspar van,$dapproximately 1445-$ecomposer.
=752  \\$aItaly$dVenice.$2lcsh/naf
=856  41$uhttp://purl.org/rism/BI/1503/1$yDigitised score
=859  \\$aXLD$bDCW
=852  4\$cDRT$jDigital Store K.1.d.2$aBritish Library$bMUSIC
=985  \\$aEarly Music Online project
=985  \\$aRecord amended for WR# 13/070
=985  \\$aname title to add
=985  \\$aCorrected by MS generated file for WR# 1805-0738
=CAT  \\$aBATCH-DCW$b00$c20171127$lBLL01$h0201
=CAT  \\$a1805-0738$c20190111$lBLL01$h1807
=CAT  \\$a1805-0738$b00$c20190111$lBLL01$h1828
=FIN  \\$aY$d20171127
=LKR  \\$aPAR$lBLL01$r776$b004538618$mMotetti de passione de cruce de sacramento de beata virgine et huiusmodi.$nMotetti de passione de cruce de sacramento de beata virgine et huiusmodi.
=DGM  \\$a004538618$bCatBridge variable field
=DRT  \\$aDCW
=SRC  \\$aDCW$bDCW_20171126
=OHC  \\$a1
=LAS  \\$a1805-0738$b00$c20190111$lBLL01$h1828

