=LDR  06591 cm a22007817  4500
=001  018622154
=003  Uk
=005  20171127020122.0
=007  cr\mn\024mpada
=008  930323s1504\\\\it\||z\\s\\\\\\\\\\\lat\\
=FMT  \\$a  MU
=019  d\$afa20780002
=040  \\$aUk$beng$cUk
=041  \\$aita
=042  \\$aukblsr
=082  14$a780$215
=130  0\$aMotets.$kSelections
=245  10$aMotetti. C.
=264  \1$a[Venetijs] :$bImpressum per Octavianum Petrutium,$c[1504]
=300  \\$a4 part books ;$c18 x 24 cm (oblong 4º)
=336  \\$anotated music$2rdacontent
=337  \\$acomputer$2rdamedia
=338  \\$aonline$2rdacarrier
=340  \\$m4to$2rdabf
=500  \\$a'Requiem eternam', 'Ut Heremita solus' and 'Si bona suscepimus': text incipit only.
=500  \\$aAttributions for anonymous items taken from Stanley Boorman, Ottaviano Petrucci: A Catalogue Raisonné (Oxford: Oxford University Press, 2006), No. 15.
=500  \\$aCollection of motets in four parts (SATB).
=500  \\$aCopy at K.1.d.4. Digitised score at http://purl.org/rism/BI/1504/1.$5Uk
=500  \\$aCopy at K.1.d.4. Sup[erius] (32 leaves; [1], 2-32 f); paper dimensions: 168 x 230 mm.$5Uk
=500  \\$aTranscribed title page from Superius part book: Motetti.C.
=500  \\$aWith table of contents.
=505  0\$aAve maria gratia plena / Josquin -- Ave celo[rum] domina / Brumel -- Liber generationis (secunda pars: tacet; tertia pars: Et post tra[n]smig[ra]tione[m]) / Josquin -- Factu[m] est aut[em] (secunda pars: Qui fuit heli; tertia pars: Qui fuit obeth) / Josquin -- Tota pulchra est (secunda pars: Flores aparverunt) / Nico. Craen -- Davidica stirpe maria (secunda pars: Ergo o[mn]iu[m] mulieru[m]) / [Anon] -- Beata dei genetrix (secunda pars: Ora pro populi) / [Anon] -- Missus est angelus gabriel / Josquin -- Ergo sancti martires / [Alexander Agricola] -- Conc[e]de nob[is] d[omi]ne (secunda pars: Electi pontifices (incipt only) / [Anon] -- Requie[m] eterna[m] (secunda pars: untexted) / [Jacob Obrecht] -- Psalite noe judei credite (secunda pars: [Puer nobis nascitur]) / [Ninot, le petit] -- Si oblitus fuero (secunda pars: [Decantabant populus]) / [Ninot, le petit] -- Civitate[m] istam (secunda pars: Tua est potentia) / [Anon] -- Ut heremita solus (secunda pars: untexted) / [Johannes Ockeghem] -- O Bone [et] dulcis do[mi]ne (headed: Pater noster) / [Josquin, des Prez] -- Missus est angel[us] gabriel (secunda pars: Sple[n]dor inexti[n]guibilis) / [Josquin, des Prez] -- Alma redemptoris mater (secunda pars: Tu que genuisti) / [Heinrich Isaac] -- Miles mire probitatis (secunda pars: In nocte scis) / [Anon] -- O Decus innocentie (secunda pars: O mater egregia) / [Anon] -- Virgo precellens deitatis (secunda pars: Anna te mu[n]do genuit; tertia pars: Pacis in terris; quarta pars: Ergo te n[ost]re; quinta pars: Jam mine fere fileant / [Anon] -- O Sacru[m] [con]vivium / [Anon] -- O Admirabile comerciu[m] / [Anon] -- Sancti dei om[n]es (secunda pars: Christi audi nos) / [Jean Mouton] -- Confitemini d[omi]no (secunda pars: Qui divisit mare) / -- Respice me in felice[m] / [Anon] --
=505  0\$aTrinitas deitas (secunda pars: Tu vertex [et] apex) / [Anon] -- Profitentes unitatem (secunda pars: [Digne loque de personis]) / Loyset Compère -- Filie regum in honore tuo (secunda pars: In vestitu de aurato) / [Anon] -- Miserere mei deus / [Anon] -- Si bona suscepimus (secunda pars: untexted) / [Anon.] -- [M]agnus es to d[omi]ne (secunda pars: Tu paupu[m] refugiu[m]) . [Josquin, des Prez] -- Planxit aut[em] david (secunda pars: Montes gelboe; tertia pars: Sagitta jonathe; quarta pars: Doleo sup[er] te / [Josquin, des Prez] -- Rogamus te piissima (secunda pars: [O Maria O Regina] Piissima adtte / [Heinrich Isaac] -- Inviolata integra (secunda pars: Que es effecta; tertia pars: O mater alma; quarta pars: tacet [Suscipe pia laudem]; quinta pars: nostra ut pura; sexta pars: Te nu[n]c flagita[n]t; septima pars: Tua p[er] precata; octava pars: Nobis c[on]cedas; nona pars: O benigna; decima pars: O regina; undecima pars: O maria; duodecima pars: Que sola inviolata) / [Anon.] -- Gloria laus et honor (secunda pars: Israel et tu; tertia pars: Cetus in excelsis; quarta pars: Ples hebrea) / [Anon.] -- Gaudeamus om[n]es (secunda pars: Gaude v[ir]go mater; tertia pars: Gaude quia magni dona; quarta pars:Gaude quiatui nata; quinta pars: Gaude que post ip[su]m) / [Anon.] -- Huc om[n]es (secunda pars: [Spendo q[u]o regitur] ) / [Anon.] -- O Dulcissiuma plucra suynt (secunda pars: O mea spo[n]sa]) / [Anon.] -- Mittit ad v[ir]gine[m] (secunda pars: Accede nuntia) / [Josquin, des Pres] -- Salvatoris mater pia (secunda pars: [O maria stella matris]; tertia pars: Ave v[ir]go gratiosa) / [Anon.]
=510  1\$aHarry B. Lincoln, The Latin Motet: Indexes to Printed Collections, 1500-1600 (Ottawa: Institute of Medieval Music, 1993).
=510  4\$aRISM B/I,$c1504 ¹
=510  4\$aStanley Boorman, Ottaviano Petrucci: A Catalogue Raisonné (Oxford: Oxford University Press, 2006),$cNo. 15
=546  \\$aLatin words.
=650  \0$aMotets.
=700  0\$aJosquin,$cdes Prez,$d-1521,$ecomposer.
=700  0\$aNinot,$cle Petit,$ecomposer.
=700  1\$aAgricola, Alexander,$d1446?-1506,$ecomposer.
=700  1\$aBrumel, Antoine,$dapproximately 1460-approximately 1515,$ecomposer.
=700  1\$aCompère, Loyset,$dapproximately 1445-1518,$ecomposer.
=700  1\$aCraen, Nicolaus,$d-1507,$ecomposer.
=700  1\$aIsaac, Heinrich,$dapproximately 1450-1517,$ecomposer.
=700  1\$aMouton, Jean,$d-1522,$ecomposer.
=700  1\$aObrecht, Jacob,$d-1505,$ecomposer.
=700  1\$aOckeghem, Johannes,$dapproximately 1410-1497,$ecomposer.
=700  1\$aPetrucci, Ottaviano,$eprinter.
=752  \\$aItaly$dVenice.$2lcsh/naf
=856  41$uhttp://purl.org/rism/BI/1504/1$yDigitised score
=859  \\$aXLD$bDCW
=852  4\$cDRT$jDigital Store K.1.d.4$aBritish Library$bMUSIC
=985  \\$aEarly Music Online project
=985  \\$aRecord amended for WR# 13/070
=985  \\$aname title to add
=985  \\$aCorrected by MS generated file for WR# 1805-0738
=CAT  \\$aBATCH-DCW$b00$c20171127$lBLL01$h0201
=CAT  \\$a1805-0738$c20190111$lBLL01$h1807
=CAT  \\$a1805-0738$b00$c20190111$lBLL01$h1828
=CAT  \\$aBATCH-UPD$b00$c20190607$lBLL01$h2046
=FIN  \\$aY$d20171127
=LKR  \\$aPAR$lBLL01$r776$b004538619$mMotetti. C.$nMotetti. C.
=DGM  \\$a004538619$bCatBridge variable field
=DRT  \\$aDCW
=SRC  \\$aDCW$bDCW_20171126
=OHC  \\$a1
=LAS  \\$aBATCH-UPD$b00$c20190607$lBLL01$h2046

