=LDR  04871 cm a22007337  4500
=001  018622155
=003  Uk
=005  20171127020122.0
=007  cr\mn\024mpada
=008  930323s1508\\\\it\||z\\s\\\\\\\\\\\lat\\
=FMT  \\$a  MU
=019  d\$afa20780004
=040  \\$aUk$beng$cUk
=041  \\$alat
=042  \\$aukblsr
=082  14$a780$215
=130  0\$aMotetti a cinque,$nbook 1
=245  10$aMotetti a cinque :$nlibro primo.
=264  \1$a[Venice] :$bO. Petrucci,$c[1508]
=300  \\$a4 part books ;$c17 x 24 cm (oblong 4º)
=336  \\$anotated music$2rdacontent
=337  \\$acomputer$2rdamedia
=338  \\$aonline$2rdacarrier
=340  \\$m4to$2rdabf
=500  \\$aCollection of motets in 5 parts.
=500  \\$aCopy at K.1.d.5*. Digitised score at http://purl.org/rism/BI/1508/1.$5Uk
=500  \\$aCopy at K.1.d.5*. Sup[erius] (16 leaves: [1], 2-16 f.); paper dimensions: 158 x 230 mm.$5Uk
=500  \\$aOriginally a set of four part books, the tenor and bassus being combined in one book. No copy of the contratenor secundus part book is believed to be extant.
=500  \\$aThe superius is untexted for 'Homo quidam' and 'O Deus ecclesie', and only partially texted in 'Requiem' and 'O preciosissime sanguis'. Ascriptions are from the table of contents.
=500  \\$aThere is no date or imprint on the item. The Spanish music-collector Fernando Colón's catalogue of books indicates an edition of 1508, and Stanley Boorman has shown that bibliographical evidence (the condition of the initials and the dimensions of the watermark) supports this later date when compared to other Petrucci prints of 1508 (Stanley Boorman, Octaviano Petrucci: A Catalogue Raisonné (Oxford: Oxford University Press, 2006), pp. 701).
=500  \\$aTranscribed title page from superius part book: Motetti acinque Libro / primo.
=505  0\$aClangat plebs flores (secunda pars: Carmina cude[n]te[m] tibi) / Regis -- Factor orbis (secunda pars: Spiritus d[omi]ni super me) / Obreth -- Dulcis amica dei (secunda pars: Roga[mus] te piissima virgo) / Gaspar -- Illibata dei virgo (secunda pars: Ave virginu[m] decus) / Josquin -- Homo quidam (secunda pars: Venite [incipt only] ) / Josqn -- O Decus ecclesie (secunda pars: untexted) / Isac -- Inviolata integra [et] casta / Isac - Requiem / Josquin -- Laudem[us] nunc d[omi]n[um] (secunda pars: Cantemus nunc d[omi]no) / Obreth -- Salve sponsa tui genitrix (secunda pars: Nil eva officiet) / Regis -- Lux solempnis adest (secunda pars: Nec mirum si tanta) / Regis -- Ave Maria gratia plena (secunda pars: Et benedictus fructus; tertia pars: Tu parvi; quarta pars: Tu floris [tacet] quinto pars: Tu civitas; quinta pars: Ergo maris stella) / Pipelare -- O preciosissime sanguis (secunda pars: untexted [Guberna tuos); tertia pars: untexted [Te ergo quesumus]) / Obreth -- Mater patris nati nata (secunda pars: Ab eterno genitura; tertia pars: Virgo mater dei) / Obreth -- Exaudi nos filia (secunda pars: Ora pro populo tuo) / Crispin -- Ave Maria gratia plena (secunda pars: Tu floris [et] rosis) / Regis -- Ave sanctissima maria / Diniset -- Hodie scietis quia veniet / Isac.
=510  1\$aHarry B. Lincoln, The Latin Motet: Indexes to Printed Collections, 1500-1600 (Ottawa: Institute of Medieval Music, 1993).
=510  4\$aRISM B/I,$c1508 ¹
=510  4\$aStanley Boorman, Ottaviano Petrucci: A Catalogue Raisonné (Oxford: Oxford University Press, 2006),$cno. 46.
=546  \\$aItalian words.
=650  \0$aMotets
=700  0\$aJosquin,$cdes Prez,$d-1521.
=700  1\$aDiniset,$ecomposer.
=700  1\$aIsaac, Heinrich,$dapproximately 1450-1517,$ecomposer.
=700  1\$aObrecht, Jacob,$d-1505,$ecomposer.
=700  1\$aPetrucci, Ottaviano,$eprinter.
=700  1\$aPipelare, Matthaeus,$dapproximately 1450-approximately 1515,$ecomposer.
=700  1\$aRegis, Johannes,$dapproximately 1425-approximately 1496,$ecomposer.
=700  1\$aStappen, Crispin van,$dapproximately 1465-1532,$ecomposer.
=700  1\$aWeerbeke, Gaspar van,$dapproximately 1445-$ecomposer.
=752  \\$aItaly$dVenice.$2lcsh/nah
=856  41$uhttp://purl.org/rism/BI/1508/1$yDigitised score
=859  \\$aXLD$bDCW
=852  4\$cDRT$jDigital Store K.1.d.5*$aBritish Library$bMUSIC
=985  \\$aEarly Music Online project
=985  \\$aRecord amended for WR# 13/070
=985  \\$aname title to add
=985  \\$aCorrected by MS generated file for WR# 1805-0738
=CAT  \\$aBATCH-DCW$b00$c20171127$lBLL01$h0201
=CAT  \\$a1805-0738$c20190111$lBLL01$h1807
=CAT  \\$a1805-0738$b00$c20190111$lBLL01$h1828
=FIN  \\$aY$d20171127
=LKR  \\$aPAR$lBLL01$r776$b004538621$mMotetti a cinque :$nMotetti a cinque :
=DGM  \\$a004538621$bCatBridge variable field
=DRT  \\$aDCW
=SRC  \\$aDCW$bDCW_20171126
=OHC  \\$a1
=LAS  \\$a1805-0738$b00$c20190111$lBLL01$h1828

