=LDR  05285 cm a22007817  4500
=001  018622156
=003  Uk
=005  20171127020122.0
=007  cr\mn\024mpada
=008  930323s1519\\\\it\||z\\s\\\\\\\\\\\lat\\
=FMT  \\$a  MU
=019  d\$afa20780005
=040  \\$aUk$beng$cUk
=041  \\$alat
=042  \\$aukblsr
=082  14$a780$215
=130  0\$aMotetti de la corona.$nLibro 2.
=245  10$aMotetti de la corona.$nLibro secondo.
=264  \1$a[Fossombrone] :$bImpressum Forosempronii per Octavianum Petrutium,$c1519.
=300  \\$a4 part books (1 v) ;$c17 x 23 cm (oblong 4º)
=336  \\$anotated music$2rdacontent
=337  \\$acomputer$2rdamedia
=338  \\$aonline$2rdacarrier
=340  \\$m4to$2rdabf
=500  \\$aCollection of motets in four parts (SATB)
=500  \\$aColophon at end of bassus part book: Impressum Forosempronii per Octavianum / Petrutium civern Forosemproniensem. Anno / Domini. MDXIX . Die xvii Junii. / REGISTRVM. / ABCDEFG. Omnes quaterni preter / FG qui sunt quinterni.
=500  \\$aCopy at K.1.d.14. Digitised score at http://purl.org/rism/BI/1519/1.$5Uk
=500  \\$aCopy at K.1.d.14. Sup (16 leaves), Altus (18 leaves), Tenor (16 leaves), Bassus (17 leaves); paper dimensions: 150 x 214 mm.$5Uk
=500  \\$aStanley Boorman (pp. 823-831) notes that there are two editions, both with the same date. This is the second edition.
=500  \\$aTranscribed title page from superius part book: Mottetti de la corona / Libro secondo.
=500  \\$aWith a table of contents at the front of the superius part book and a copy of Petrucci's privilege from Pope Leo X at the end of the bassus part book.
=505  0\$aVerbum bon[um] & suave / Therache -- Interveniat p[ro] rege n[ost]ro / jacotin -- Nomine qui domini / Acaen. -- Miseremini mei (secunda pars: Cutis mea aruit) / Richafort -- Post qua[m] [con]sumati sunt / Lupus -- Michael archangele (secunda pars: In conspectu angelorum) / Jacotin - Rogamus te virgo maria / Jacotin -- Judica me deus (secunda pars: Et introibo ad altare) / Acaen -- Sanctificavit dominus (secunda pars: O qua[m] metue[n]dus) / Acaen. -- O Benignissime d[omi]ne / Maistre Jan -- Benedic anima mea (secunda pars: No[n] secu[n]dum p[ec]c[a]ta nostra; tertia pars: Q[uonia]m sp[irit]us pertra[n]sibit) / Eustachius de monte regali -- Illuminare illuminare (secunda pars: Interrogabat magos herodes) / Jo.mouton - O Christe redemptor (secunda pars: O excelsa trinitas) / Jo. Mouton -- Corde & animo [Christo] / Jo. Mouton -- Amicus dei nicolaus (secunda pars: Ad sacrum sius tumulum) / Jo. Mouton -- Congregate sunt (secunda pars: Tu scis d[omi]ne / Jo. Mouton -- Peccata mea domine / Jo. Mouton -- Factum est silentium (secunda pars: Dum sacru[m] misterium) / Jo. Mouton -- Homo quidam fecit / Jo. Mouton -- Maria virgo semper letare (secunda pars: Te lauda[n]t angeli) / Jo. Mouton -- Dum co[m]plerentur (secunda pars: Spiritus d[omi]ni) / Lherithier -- Non nobis d[omi]ne (secunda pars: Lauda deu[m] o renata) / Jo. Mouton -- Noe noe noe psallite / Jo. Mouton -- Elizabeth zacharie (secunda pars: Inter natos mulieru[m] / Le faghe -- Omnes gentes plaudite (secunda pars: Psalite deo nostro) / Eustachius de monte regali.
=510  4\$aJohn Milsom, 'The Nonsuch Music Library', in Chris Banks, Arthur Searle and Malcolm Turner (eds.), Sundry Sorts of Music Books: Essays on The British Library Collections, Presented to O. W. Neighbour on his 70th Birthday (London, 1993), 146-82,$cno. 14.
=510  4\$aRISM B/I,$c1519 ¹
=510  4\$aStanley Boorman, Ottaviano Petrucci: A Catalogue Raisonné (Oxford: Oxford University Press, 2006),$cno. 64A.
=546  \\$aLatin words.
=650  \0$aMotets
=700  0\$aJacotin,$ecomposer.
=700  0\$aMaistre Jhan,$dapproximately 1485-1538,$ecomposer.
=700  1\$aArundel, Henry Fitz Alan,$cEarl of,$d1512-1580,$eformer owner.$5Uk.
=700  1\$aCaen, Arnold,$ecomposer.
=700  1\$aEustachius, de Monte Regali,$ecomposer.
=700  1\$aLa Fage, Jean de,$dactive approximately 1515-1535,$ecomposer.
=700  1\$aLhéritier, Jean,$ecomposer.
=700  1\$aLumley, John Lumley,$cBaron,$d1534?-1609,$eformer owner.$5Uk.
=700  1\$aLupus,$ecomposer.
=700  1\$aMouton, Jean,$d-1522,$ecomposer.
=700  1\$aPetrucci, Ottaviano,$eprinter.
=700  1\$aPierrequin,$dapproximately 1465-1528,$cde Thérache,$ecomposer.
=700  1\$aRichafort, Jean,$dactive 1507-1548,$ecomposer.
=752  \\$aItaly$dFossombrone.$2lcsh/naf
=856  41$uhttp://purl.org/rism/BI/1519/1$yDigitised score
=859  \\$aXLD$bDCW
=852  4\$cDRT$jDigital Store K.1.d.14$aBritish Library$bMUSIC
=985  \\$aEarly Music Online project
=985  \\$aRecord amended for WR# 13/070
=985  \\$aname title to add
=985  \\$aCorrected by MS generated file for WR# 1805-0738
=CAT  \\$aBATCH-DCW$b00$c20171127$lBLL01$h0201
=CAT  \\$a1805-0738$c20190111$lBLL01$h1807
=CAT  \\$a1805-0738$b00$c20190111$lBLL01$h1828
=FIN  \\$aY$d20171127
=LKR  \\$aPAR$lBLL01$r776$b004538622$mMotetti de la corona.$nMotetti de la corona.
=DGM  \\$a004538622$bCatBridge variable field
=DRT  \\$aDCW
=SRC  \\$aDCW$bDCW_20171126
=OHC  \\$a1
=LAS  \\$a1805-0738$b00$c20190111$lBLL01$h1828

