=LDR  05545 cm a22007337  4500
=001  018622157
=003  Uk
=005  20171127020122.0
=007  cr\mn\024mpada
=008  930323s1519\\\\it\||z\\s\\\\\\\\\\\lat\\
=FMT  \\$a  MU
=019  d\$afa20780006
=040  \\$aUk$beng$cUk
=041  \\$alat
=042  \\$aukblsr
=082  14$a780$215
=130  0\$aMotetti de la corona,$nbook 3
=245  10$aMotetti de la corona :$nLibro tertio.
=264  \1$a[Fossombrone] :$bImpressum Forosempronii per Octavianum Petrutium,$c1519.
=300  \\$a4 part books (1 v) ;$c17 x 23 cm (oblong 4º)
=336  \\$anotated music$2rdacontent
=337  \\$acomputer$2rdamedia
=338  \\$aonline$2rdacarrier
=340  \\$m4to$2rdabf
=500  \\$aAttributions for anonymous works from Stanley Boorman, Octaviano Petrucci: A Catalogue Raisonné (Oxford: Oxford University Press, 2006).
=500  \\$aCollection of motets in four to six parts: the first three motets are for six voices, the next four are for five voices, and the remaining motets are for four voices.
=500  \\$aColophon, at end of bassus part book: Impressum Forosempronii per Octauianum / Petrutium ciuem Forosemproniensem. Anno / Domini. MDXIX. Die vii Septembris. REGISTRVM. / ABCDEFGH. omnes quaterni preter/ D qui est ternus & H quinternus.
=500  \\$aCopy at K.1.d.15. Digitised score at http://purl.org/rism/BI/1519/2.$5Uk
=500  \\$aCopy at K.1.d.15. Sup. (15 leaves), Altus (16 leaves), Tenor (13 leaves), Bassus (17 leaves); paper dimensions: 158 x 216 mm; Sig. A3-6 are cancels.$5Uk
=500  \\$aSecunda vox (Tenor clef) for 'Virgo salutiferi' and 'Stabat mater' in superius part book. Secunda vox for 'Huc me sydereo' and secundus altus for 'Ave nobilissima' in Altus part book. Tenor secundus for 'Preter rerum' and 'Miserere mei deus' in tenor part book. Secunda vox for 'Huc me sydereo' in bassus part book and Secundus bassus for 'Preter rerum', 'Ave nobilissima', 'Recumbentibus undecim'.
=500  \\$aTranscribed title page from superius part book: Motetti de la corona / Libro tertio.
=500  \\$aWith a table of contents at the front of the superius part book and a copy of Petrucci's privilege from Pope Leo X at the end of the bassus part book.
=505  0\$aHuc me sydero (secunda pars: Felle sitium magni) (Tenor ostinato: Plangent eum) / Josquin -- Preter rerum seriem (secunda pars: Virtus sancti spiritus) / Josquin -- Ave nobilissima creatura (secunda pars: Tibi domina gloriosa) (Tenor ostinato: Benedicta tu in mulieribus) / Josquin -- Virgo salutiferi genitrix (secunda pars: Tu potis es prime; tertia pars: Nunc celi regina) (Sup and Tenor 2 ostinato: Ave Maria) / Josquin -- Recembentibus undecim (secunda pars:[Bassus] In nomine meo; tertia pars: Illi autem profecti) (Tenor ostinato: In autem profecti) / Johannes lebrung -- Stabat mater dolorosa (secunda pars: Eya mater fons amoris) / Josquin -- Miserere mei deus (secunda pars: [Tenor] Audi tui meo dabis; tertia pars: D[omi]ne labia mea) (Tenor 2 ostinato: Miserere Mei Deus) / quin -- Quis dabit oculis nostris (secunda pars: Heu nobis d[omi]ne; tertia pars: Ergo eiulare) / Jo. Mouton - Tulerunt dominum (secunda pars: Reposita est hec spes) / Pre Michael de verona -- Alma redemptoris mater (secunda pars: Tu que genuisti) / Josquin -- Domine ne in furore tuo (secunda pars: Cor meu[m] co[n]turbat[m] est) / Josquin -- Qua[m] pulchra es (secunda pars: [Tenor] labia tua / Jo. Mouton -- Ecce nunc b[e]ndicite / [Anon] -- O bone jesu illumina / Loyset -- Felix nan[que] es sacram (secunda par: O maria mater dei) / [Jean Mouton] -- Cantate domino cantic[m] novum (secunda pars: Flumina plaude[n]t manu) / Carpentras.
=510  4\$aJohn Milsom, 'The Nonsuch Music Library', in Chris Banks, Arthur Searle and Malcolm Turner (eds.), Sundry Sorts of Music Books: Essays on The British Library Collections, Presented to O. W. Neighbour on his 70th Birthday (London, 1993), 146-82,$cno. 14.
=510  4\$aRISM B/I,$c1519 ²
=510  4\$aStanley Boorman, Ottaviano Petrucci: A Catalogue Raisonné (Oxford: Oxford University Press, 2006),$cno. 65.
=546  \\$aLatin words.
=700  0\$aCarpentras,$dapproximately 1470-1548,$ecomposer.
=700  0\$aJosquin,$cdes Prez,$d-1521,$ecomposer.
=700  1\$aArundel, Henry Fitz Alan,$cEarl of,$d1512-1580,$eformer owner.$5Uk.
=700  1\$aCompère, Loyset,$dapproximately 1445-1518,$ecomposer.
=700  1\$aLe Brung, Jean,$dactive 16th century,$ecomposer.
=700  1\$aLumley, John Lumley,$cBaron,$d1534?-1609,$eformer owner.$5Uk.
=700  1\$aMouton, Jean,$d-1522,$ecomposer.
=700  1\$aPesenti, Michele,$ecomposer.
=700  1\$aPetrucci, Ottaviano,$eprinter.
=752  \\$aItaly$dFossombrone.$2lcsh/naf
=856  41$uhttp://purl.org/rism/BI/1519/2$yDigitised score
=859  \\$aXLD$bDCW
=852  4\$cDRT$jDigital Store K.1.d.15.$aBritish Library$bMUSIC
=985  \\$aEarly Music Online project
=985  \\$aRecord amended for WR# 13/070
=985  \\$aname title to add
=985  \\$aCorrected by MS generated file for WR# 1805-0738
=CAT  \\$aBATCH-DCW$b00$c20171127$lBLL01$h0201
=CAT  \\$a1805-0738$c20190111$lBLL01$h1807
=CAT  \\$a1805-0738$b00$c20190111$lBLL01$h1828
=FIN  \\$aY$d20171127
=LKR  \\$aPAR$lBLL01$r776$b004538623$mMotetti de la corona :$nMotetti de la corona :
=DGM  \\$a004538623$bCatBridge variable field
=DRT  \\$aDCW
=SRC  \\$aDCW$bDCW_20171126
=OHC  \\$a1
=LAS  \\$a1805-0738$b00$c20190111$lBLL01$h1828

