=LDR  05423 cm a22007457  4500
=001  018622158
=003  Uk
=005  20171127020122.0
=007  cr\mn\024mpada
=008  930323s1519\\\\it\||z\\s\\\\\\\\\\\lat\\
=FMT  \\$a  MU
=019  d\$afa20780007
=040  \\$aUk$beng$cUk
=041  \\$alat
=042  \\$aukblsr
=082  14$a780$215
=130  1\$aMotetti de la corona,$nbook 4
=245  10$aMotetti de la corona :$nLibro quarto.
=264  \1$aForosempronii :$bImpressum per Octavianum Petrutium,$c1519.
=300  \\$a4 part books (1 v) ;$c17 x 23 cm (oblong 4º)
=336  \\$anotated music$2rdacontent
=337  \\$acomputer$2rdamedia
=338  \\$aonline$2rdacarrier
=340  \\$m4to$2rdabf
=500  \\$aCollection of motets in four to six parts.
=500  \\$aColophon, at end of bassus part book: Impressum Forosempronii per Octavianum / Petrutium civem Forosemproniensem. Anno / Domini. MDXIX. Die ultimo Octobris. / REGISTRVM. / ABCDEFGH. Omnes quaterni preter / D F qui sunt terni.
=500  \\$aCopy at K.1.d.16. Digitised score at http://purl.org/rism/BI/1519/3.$5Uk
=500  \\$aCopy at K.1.d.16. Sup[eriu]s (16 leaves), Altus (13 leaves), Tenor (14 leaves), Bassus (15 leaves); paper dimensions: 159 x 215 mm$5Uk
=500  \\$aThe first two motets are for six voices, the next four are for five voices, and the remaining motets are for four voices. 'Secunda vox Altus' in superius part book for Adrianus's 'Verbum bonum', 'secunda vox' for the anonymous 'Verbum bonum' (alto clef) and 'secunda vox' (C1 clef) 'Missus est angelus'. 'Tenor secundus' in Tenor part book for 'Tribus miraculis', 'Lectio actuum' and 'Inviolata integra' (two tenor parts in canon). 'Secundus bassus' in Bass part book for 'Tribus miraculis', Andrianus's 'Verbum bonum'. Secunda pars of 'Lectio actuum' untexted in bassus part book.
=500  \\$aTranscribed title page from superius part book: Motetti de la corona / Libro quarto.
=500  \\$aWith a table of contents at the front of the superius part book and a copy of Petrucci's privilege from Pope Leo X at the end of the bassus part book.
=505  0\$aTribus miraculis (secunda pars: Ab oriente venerunt magi) / Co[n]stantius festa -- Verbu[m] bonum & suave (secunda pars: Ave solem genuisti) / Adrianus -- Missus est angelus gabriel (secunda pars: Hic erit magnus) / Josquin -- Verbu[m] bonu[m] & suave (secunda pars: Ave solem genuisti; tertia pars: Ave mater verbi summi) / [Anon] -- Lectio actuum appostolou[m] (secunda pars: Facta aut[em] hac voce) (Tenor 2 ostinato: Dum complerentur) / Josquin -- Inviolata integra & casta (secunda pars: Que nunc flagitant; tertia pars: O benigna, o regina) / Josquin -- Miserer[e] mei deus (secunda pars: Cor mu[n]du[m] crea i[n] me deus / Carpentras -- Misericordias domini (secunda pars: Quonia[m] est d[omi]n[u]s; tertia pars: Miserere nostri domine) / Josquin -- Deus in nomine tuo (secunda pars: Voluntarie sacrificabo tibi) / [Anon] -- Descendi in ortem meum / Johannes lebrung -- Gloriosus dei appostolus (secunda pars: postqua[m] licaoniam) / [Anon] -- Dulcissima virgo maria / [Anon] -- O crux ave spes unica / [Anon -- Pulcherrima mulierum (Tenor, Altus, Bassus: O Pulcherrima mulierum) / [Anon] -- Quam pulcbra es (secunda pars: Veni dilecte mi) / Noel baulduin -- Exaltabo te deus meus rex (secunda pars: [Tenor] Co[n]fiteantur tibi; tertia pars: Aperis tu manu[m] tuam) / Noel baulduin.
=510  1\$aHarry B. Lincoln, The Latin Motet: Indexes to Printed Collections, 1500-1600 (Ottawa: Institute of Medieval Music, 1993).
=510  4\$aJohn Milsom, 'The Nonsuch Music Library', in Chris Banks, Arthur Searle and Malcolm Turner (eds.), Sundry Sorts of Music Books: Essays on The British Library Collections, Presented to O. W. Neighbour on his 70th Birthday (London, 1993), 146-82,$cno. 14.
=510  4\$aRISM B/I,$c1519 ³
=510  4\$aStanley Boorman, Ottaviano Petrucci: A Catalogue Raisonné (Oxford: Oxford University Press, 2006),$cno. 66.
=546  \\$aLatin words.
=650  \0$aMotets
=700  0\$aCarpentras,$dapproximately 1470-1548,$ecomposer.
=700  0\$aJosquin,$cdes Prez,$d-1521,$ecomposer.
=700  1\$aArundel, Henry Fitz Alan,$cEarl of,$d1512-1580,$eformer owner.$5Uk.
=700  1\$aBauldeweyn, Noel,$ecomposer.
=700  1\$aFesta, Costanzo,$d-1545,$ecomposer.
=700  1\$aLe Brung, Jean,$dactive 16th century,$ecomposer.
=700  1\$aLumley, John Lumley,$cBaron,$d1534?-1609,$eformer owner.$5Uk.
=700  1\$aPetrucci, Ottaviano,$eprinter.
=700  1\$aWillaert, Adrian,$d1490?-1562,$ecomposer.
=752  \\$aItaly$dFossombrone.$2lcsh/naf
=856  41$uhttp://purl.org/rism/BI/1519/3$yDigitised score
=859  \\$aXLD$bDCW
=852  4\$cDRT$jDigital Store K.1.d.16$aBritish Library$bMUSIC
=985  \\$aEarly Music Online project
=985  \\$aRecord amended for WR# 13/070
=985  \\$aname title to add
=985  \\$aCorrected by MS generated file for WR# 1805-0738
=CAT  \\$aBATCH-DCW$b00$c20171127$lBLL01$h0201
=CAT  \\$a1805-0738$c20190111$lBLL01$h1807
=CAT  \\$a1805-0738$b00$c20190111$lBLL01$h1828
=FIN  \\$aY$d20171127
=LKR  \\$aPAR$lBLL01$r776$b004538624$mMotetti de la corona :$nMotetti de la corona :
=DGM  \\$a004538624$bCatBridge variable field
=DRT  \\$aDCW
=SRC  \\$aDCW$bDCW_20171126
=OHC  \\$a1
=LAS  \\$a1805-0738$b00$c20190111$lBLL01$h1828

