=LDR  06391 cm a22007457  4500
=001  018630789
=003  Uk
=005  20171203085730.0
=007  cr\mn\024mpada
=008  930308s1575\\\\gw\||z\\s\\\\\\\\\\\ger\\
=FMT  \\$a  MU
=019  d\$aac16830002
=040  \\$aUk$beng$cUk
=041  \\$ager
=042  \\$aukblsr
=082  14$a780$215
=100  1\$aAmmerbach, Elias Nikolaus,$dapproximately 1530-1597.
=240  10$aOrgel oder Instrument Tabulatur
=245  14$aEin new Kunstlich Tabulaturbuch, darin sehen gute Moneten und liebliche Deutsche Tenores /$cjetziger zeit vornehmer Componisten auff die Orgel unnd Instrument abgesetzt, beydes den Organisten unnd der Jugendt dienstlich. Mit gantzem fleis zusammen gebracht, auffs beste colorirt, uberschlagen, corrigirt und in Druck vorfertiget, durch Eliam Nicolaum Ammorbach, Bürger und Organist in Leipzig zu Sanct Thomas. Mit Römischer Keyserlicher Mayestet / Freyheit auff sechs Jar.
=264  \1$a[Leipzig] :$bGedruckt zu Leipzig durch Johan [n] Beyer ;$aNürmberg :$bim Verlegung Dietrich Gerlachs,$c1575.
=300  \\$a1 tablature book ;$c32 x 21 cm (folio)
=336  \\$anotated music$2rdacontent
=337  \\$acomputer$2rdamedia
=338  \\$aonline$2rdacarrier
=340  \\$mfolio$2rdabf
=500  \\$aCollection of motets, German songs and dances for the organ.
=500  \\$aCopy at K.1.i.1. 91 leaves; original foliation: [1-5], II-LXXXV, [91]; paper dimensions: 304 x 195 mm.$5Uk
=500  \\$aCopy at K.1.i.1. Digitised score at http://purl.org/rism/BI/1575/17.$5Uk
=500  \\$aTitle page in red and black ink. With dedication, preface, endorsement by M. Gregorius Bersmanus F., and table of contents.
=500  \\$aTranscribed title page: Ein New / Kunstlich Tabu= / laturbuch, darin sehr gute Mo= / teten vnd liebliche Deutsche Tenores jetziger zeit / vornehmer Componisten auff die Orgel vnnd Instrument / abgesetzt, beydes den Organisten vnnd der Jugendt dienstlich. / Mit gantzem fleis zusammen gebracht / auffs beste colorirt, vberschlagen, corrigirt / vnd in Druck vorfertigt, Durch / Eliam Nicolaum Ammorbach / Bürger vnd Organist in Leip= / zig zu Sanct Thomas. / Mit Römischer Keyserlicher Mayestet / Freyheit auff sechs Jar. / Gedruckt zu Leipzig durch Johan Beyer, in verlegung Dietrich Ger= / lachs zu Nürmberg. / Im Jar, 1575.
=505  0\$aIn principio erat Verbum (secunda pars: Fuit homo missus à DEO) (tertia pars: In propria venit) / Orlandi -- Angelus ad Pastores ait / Orlandi -- Oculi omnium in te sperant domine (secunda pars: Justus dominus in omnibus vijs suis) / Orlandi -- Confitemini domino (secunda pars: Narrate omnia mirabilia) / Orlandi -- In me transierunt irae tuae / Orlandi -- Surrexit pastor bonus / Orlandi -- Amen dico vobis / Orlandi -- Si quis me diligit sermonem meum servabit Maria Magdalena (secunda pars: Cito euntes) / Cl[emens] non pa[pa] -- Adesto dolori meo (secunda pars: Interiora mea) / Cl[emens] non pa[pa] -- Beati omnes qui timent dominum (secunda pars: Ecce sic benedicetur homo) / Orl[andi] -- Omnia quae fecisti nobis domine / Orlan[di] -- Ego dormio & cor meum vigilat (secunda pars: Anima mea liquè facta est) -- Non auferetur sceptrum, &c.(secunda pars: Lavabit in vino stolam suam, &c.) / Jacob. Meiland. -- Gaudete filiae Jerusalem / Jacob. Meiland. -- Pater noster qui es in coelis -- Si me tenes / Thomas Crequil[ion] -- Divitias & paupertatem ne dederis mihi / Jachet -- Nos autem gloriari oportet - Sussanna -- Sequitur praeambulum primi thoni in Gb molle -- Justus non conturbabitur (secunda pars: Noli aemulari in malignantibus) / Mathias Gastritz -- Non est bonum / Dresleri -- Dum complerentur dies Pentecostes -- Cum sancto spiritu in gloria DEI patris, Amen. -- Venit vox de coelo (secunda pars: Respondit miles) / Cle[mens] non pa[pa] --
=505  0\$aVater unser im Himelreich / Orlan[di] -- Frölich zu sein / Orlandi -- Im Meyen hört man die Hanen kröen / Orlan[di] -- Der Mey bringt uns der Blümlein viel / Orlan[di] -- Vor zeiten war ich lieb und werd / Orlan[di] -- Willig un[d] treu / Orlan[di] -- Ich weis ein hübsches Freulein / Orlan[di] -- Es jagt ein Jeger vor dem Holtz / Orlan[di] Dilas[so] -- Ich weis mir ein festes gebawtes Hauss / Scandel[li] -- De[r] liebste[r] Buhlen den ich hab / Scan[delli] -- Gros lieb hat mich umbfangen / Scandel[li] -- Kein lieb ohn leid mag mir nicht wiederfahren / Antho[nius] Scandelli -- Von deinet wegen bin ich hie / Scan[delli] -- Ich stund an einem Morgen / Juonis de vento -- Es flog ein kleines Waldvögelein / Juo[nis] de ven[to].
=510  4\$aRISM B/I,$c1575 ¹⁷
=650  \0$aMotets.
=650  \0$aOrgan music.
=700  0\$aJacquet,$cof Mantua,$d1483-1559,$ecomposer.
=700  1\$aAugust$bI,$cElector of Saxony,$d1526-1586,$ededicatee.
=700  1\$aBerchem, Jachet de,$dactive 16th century,$ecomposer.
=700  1\$aBeyer, Johann,$dactive 1573-1596,$eprinter.
=700  1\$aClemens non Papa, Jacobus,$dapproximately 1510-approximately 1555,$ecomposer.
=700  1\$aCrecquillon, Thomas,$d-1557?,$ecomposer.
=700  1\$aDressler, Gallus,$d1533-$ecomposer.
=700  1\$aGastritz, Mathias,$d-1596,$ecomposer.
=700  1\$aLasso, Orlando di,$d1532-1594,$ecomposer.
=700  1\$aMeiland, Jacob,$d1542-1577,$ecomposer.
=700  1\$aScandello, Antonio,$d1517-1580,$ecomposer.
=700  1\$aVento, Ivo de,$dapproximately 1540-1575,$ecomposer.
=752  \\$aGermany$dLeipzig.$2lcsh/naf
=752  \\$aGermany$dNuremberg.$2lcsh/naf
=856  41$uhttp://purl.org/rism/BI/1575/17$yDigitised score
=859  \\$aXLD$bDCW
=852  4\$cDRT$jDigital Store K.1.i.1.$aBritish Library$bMUSIC
=985  \\$aRecord amended for WR# 13/070
=985  \\$aname title to add
=985  \\$aCorrected by MS generated file for WR# 1805-0738
=CAT  \\$aBATCH-DCW$b00$c20171203$lBLL01$h0857
=CAT  \\$a1805-0738$c20190111$lBLL01$h1807
=CAT  \\$a1805-0738$b00$c20190111$lBLL01$h1828
=FIN  \\$aY$d20171203
=LKR  \\$aPAR$lBLL01$r776$b004172378$mEin new Kunstlich Tabulaturbuch, darin sehen gute Moneten und liebliche Deutsche Tenores /$nEin new Kunstlich Tabulaturbuch, darin sehen gute Moneten und liebliche Deutsche Tenores /
=DGM  \\$a004172378$bCatBridge variable field
=DRT  \\$aDCW
=SRC  \\$aDCW$bDCW_20171202
=OHC  \\$a1
=LAS  \\$a1805-0738$b00$c20190111$lBLL01$h1828

