=LDR  03889 cm a22006257  4500
=001  018630790
=003  Uk
=005  20171203085731.0
=007  cr\mn\024mpada
=008  930308s1587\\\\it\||z\\s\\\\\\\\\\\ita\\
=FMT  \\$a  MU
=019  d\$aad06130002
=040  \\$aUk$beng$cUk
=041  \\$aita
=042  \\$aukblsr
=082  14$a780$215
=100  1\$aArcadelt, Jacob,$dapproximately 1505-1568.
=240  10$aMadrigals,$mvoices (3),$nbook 1
=245  13$aIl primo libro de madrigali, motetti et canzoni francesi a tre voci /$cdi Archadelt. Novamente ristampati.
=260  \\$aIn Vinegia :$bAppresso l'herede di Girolamo Scotto,$c1587.
=300  \\$a3 part books ;$c22 x 17 cm (obl. 4o)
=336  \\$anotated music$2rdacontent
=337  \\$acomputer$2rdamedia
=338  \\$aonline$2rdacarrier
=500  \\$aCollection of madrigals, motets and chansons in three parts (STB) with table of contents separated by genres.
=500  \\$aCopy at K.2.h.18. CANTO (12 leaves); original pagination: Canto [1], 2-24 p.; paper dimensions: 212 x 160 mm.$5Uk
=500  \\$aCopy at K.2.h.18. Digitised score at http://purl.org/rism/BI/1587/8.$5Uk
=500  \\$aSame contents as in RISM B/I 1543/21. Most of the pieces appear in RISM B/I 1542/18.
=500  \\$aTranscribed title page from canto part book: DI ARCHADELT / IL PRIMO LIBRO DE MADRIGALI / MOTETTI ET CANZONI FRANCESI / A TRE VOCI / Nouamente ristampati. / IN VINEGIA Appresso l'Herede di Girolamo Scotto. / M D LXXXVII.
=505  0\$aGraui pene in amor / Arcadelt -- Ingiustissim'amor perche si raro -- Dormendo vn giorno -- Come donna poss'io / Arcadelt -- Sio vi potessi dire / Arcadelt -- Voi mi ponesti / Arcadelt -- Altro non e'l mio amor -- Deduc me domine in via tua / Courtis -- Ave virgo gloriosa / Leretier -- Et iterum venturus est -- Gabriel angelus apparuit / Mathias -- In hoc ego sperabo / Moulu -- Domine ante te / Moulu -- Beati omnes qui timent (secunda pars: Ecce sic benedicetur) / Jacotin -- Domine fili vnigenite -- O Domine deus agnus dei -- Ie ne fus iamais / Certon -- O ne dira ce quan vouldra -- Iai par trop longuemen ayme / Moulu -- Dame dhonneur princesse / Jacotin -- Voyant soffrir celle qui me tormente / Cosson -- Iayme bien mon amy / Franscoys du boys -- Il est en vous le bien que ie desire / Claudin -- Qui veult aimer / Jacotin -- Si iay eu du mal / Ysore -- Ie suis deseritee / Franscoys du boys -- Amour me poingt -- Iay mis mon cueur -- Iayme le cueur de ma mye / Claudin.
=510  4\$aM.S. Lewis: Antonio Gardano, Venetian Music Printer 1538-1569: a Descriptive Bibliography and Historical Study (New York, 1988-97),$cno. 29 and no. 37.
=510  4\$aRISM B/I,$c1587 ⁸
=546  \\$aItalian words.
=700  0\$aJacotin,$ecomposer.
=700  1\$aCerton, Pierre,$d-1572,$ecomposer.
=700  1\$aCourtois, Jean,$dactive 1530-1545,$ecomposer.
=700  1\$aLhéritier, Jean,$ecomposer.
=700  1\$aMoulu, Pierre,$ecomposer.
=700  1\$aScotto, Melchiorre,$dapproximately 1540-1613,$eprinter.
=700  1\$aSermisy, Claudin de,$dapproximately 1490-1562,$ecomposer.
=700  1\$aYsoré, Guillaume,$dearly-16th century-1563,$ecomposer.
=752  \\$aItaly$dVenice.$2lcsh/naf
=856  41$uhttp://purl.org/rism/BI/1587/8$yDigitised score
=859  \\$aXLD$bDCW
=852  4\$cDRT$jDigital Store K.2.h.18.$aBritish Library$bMUSIC
=985  \\$aRecord amended for WR# 13/070
=985  \\$aname title to add
=CAT  \\$aBATCH-DCW$b00$c20171203$lBLL01$h0857
=FIN  \\$aY$d20171203
=LKR  \\$aPAR$lBLL01$r776$b004175536$mIl primo libro de madrigali, motetti et canzoni francesi a tre voci /$nIl primo libro de madrigali, motetti et canzoni francesi a tre voci /
=DGM  \\$a004175536$bCatBridge variable field
=DRT  \\$aDCW
=SRC  \\$aDCW$bDCW_20171202
=OHC  \\$a1
=LAS  \\$aBATCH-DCW$b00$c20171203$lBLL01$h0857

