=LDR  05314 cm a22006977  4500
=001  018630791
=003  Uk
=005  20171203085731.0
=007  cr\mn\024mpada
=008  930308s1541\\\\it\||z\\s\\\\\\\\\\\ita\\
=FMT  \\$a  MU
=019  d\$aad06130009
=040  \\$aUk$beng$cUk
=041  \\$aita
=042  \\$aukblsr
=082  14$a780$215
=100  1\$aArcadelt, Jacob,$dapproximately 1505-1568.
=240  10$aMadrigals,$mvoices (4),$nbook 1
=245  13$aIl primo libro di madrigali /$cd'Archadelt a quatro con nuova gionta impressi.
=264  \1$aVenetiis :$bApud Antonium Gardane,$c1541.
=300  \\$a4 part books (1 v) ;$c15 x 22 cm (oblong 4º)
=336  \\$anotated music$2rdacontent
=337  \\$acomputer$2rdamedia
=338  \\$aonline$2rdacarrier
=340  \\$m4to$2rdabf
=500  \\$aAltus and Tenor part books have the two lines of the title page in reverse order; the bassus part book does not have a title page, showing the dedication instead; the dedication does not appear in the other part books.
=500  \\$aCollection of madrigals in four parts.
=500  \\$aCopy at K.2.h.3. Cantvs (28 leaves; [1], 2-25, 30-31, 28-29, 26-27, 32-55, [56] p.), Altvs (28 leaves; [1], 2-25, 30-31, 28-29, 26-27, 32-55, [56] p.), Tenor (28 leaves; [1], 2-25, 30-31, 28-29, 26-27, 32-[56] p.), Bassvs (28 leaves; [1], 2-25, 30-31, 28-29, 26-27, 32-[56] p.); paper dimensions: 147 x 207 mm.$5Uk
=500  \\$aCopy at K.2.h.3. Digitised score at http://purl.org/rism/BI/1541/9.$5Uk
=500  \\$aNo composer's name appears in the print and the title page suggests that all of them are by Archadelt. Nonetheless there are pieces with conflicting attributions. See Lewis, Antonio Gardano, no. 16.
=500  \\$aTranscribed title page from cantus part book: IL PRIMO LIBRO DI MADRIGALI D'ARCHADELT A QVATRO CON NVOVA GIONTA IMPRESSI. / M. D. XLI. / CON GRATIA ET PRIVILEGIO / VENETIIS, APVD ANTONIVM GARDANE.
=500  \\$aWith table of contents headed 'Tauolla delli madregali'. The tenor part book does not bear this heading. Previous edition RISM 1539/22.
=505  0\$aIl bianco e dolce cigno -- Pungente dardo ch'il mio - Ragion e ben che alcuna volta -- Non ch'io no[n] uoglio mai -- Io vorrei pur fuggir -- Voi ue n'andat'al cielo -- Occhi miei lassi -- Ancidetemi pur grieui martiri -- Dhe come pur al fin -- Sapete amanti perch'amor'e cieco - Noua do[n]na m'apparue -- Io ho nel cor vn gielo -- Quando co 'l dolce suon -- Se ui piace signora -- Che piu foc'al mio foco -- Non piu chia[n]ce madonna -- Perche non date uoi -- O si'o potessi donna -- Vostra fui e saro mentre ch'io viua -- Se la dura durezza -- Voi sapete ch'io v'am'anzi -- Lasciar'il uelo -- Qual clytia se[m]pr'al maggior -- Non v'accorgete amanti -- Se 'l tuo partir mi spiacque -- Deh se lo sdegn'altiero -- Se gli occhi no[n] temprate -- Quai pomi mai qual'oro -- Alma perche si trist'ogn'hor -- Fra piu bei fiori -- Beneditt'i martiri ch'io -- Fammi pur guerr'amor -- Voi la mia uita -- Quanta belta quanta gratia -- Poss'io morir di mala morte -- Ahi se la donna mia -- Deh dimm'amor se l'alma -- Io dico che fra uoi -- Dunque credete ch'io -- Felice me se dei bei lume -- Giouenetta regal -- Lodar voi donn'ingrate -- Chi potra dir quanta dolcezza -- Quant'e ma donna mia -- Madonna oyme p[er] qual cagio[n] -- Bella fioretta io uorrei pur lodarui -- Io mi pensai che spento -- O Felici occhi miei -- Mado[n]na mia gentile -- Il ciel che rado uirtu -- Amor tu sai pur far -- Quanti trauagli e pene -- Se per colpa del uostro fiero sdegno -- Ahime dou'e 'l bel uiso -- Quand'io pens'al martire -- Ver'infern'e 'l mio petto.
=510  4\$aJohn Milsom, 'The Nonsuch Music Library', in Chris Banks, Arthur Searle and Malcolm Turner (eds.), Sundry Sorts of Music Books: Essays on The British Library Collections, Presented to O. W. Neighbour on his 70th Birthday (London, 1993), 146-82,$cno. 10.
=510  4\$aM.S. Lewis: Antonio Gardano, Venetian Music Printer 1538-1569: a Descriptive Bibliography and Historical Study (New York, 1988-97),$cno. 16.
=510  4\$aRISM A/I,$cA 1315
=510  4\$aRISM B/I,$c1541 ⁹
=546  \\$aItalian words.
=650  \0$aMadrigals, Italian
=700  1\$aArundel, Henry Fitz Alan,$cEarl of,$d1512-1580,$eformer owner.$5Uk.
=700  1\$aGardane, Antonio,$d1509-1569,$eprinter.
=700  1\$aLeone Orsino, Bishop of Fréjus,$ededicatee.
=700  1\$aLumley, John Lumley,$cBaron,$d1534?-1609,$eformer owner.$5Uk.
=752  \\$aItaly$dVenice$2lcsh/nah
=856  41$uhttp://purl.org/rism/BI/1541/9$yDigitised score
=859  \\$aXLD$bDCW
=852  4\$cDRT$jDigital Store K.2.h.3.$aBritish Library$bMUSIC
=985  \\$aEarly Music Online project
=985  \\$aRecord amended for WR# 13/070
=985  \\$aname title to add
=985  \\$aCorrected by MS generated file for WR# 1805-0738
=CAT  \\$aBATCH-DCW$b00$c20171203$lBLL01$h0857
=CAT  \\$a1805-0738$c20190111$lBLL01$h1807
=CAT  \\$a1805-0738$b00$c20190111$lBLL01$h1828
=FIN  \\$aY$d20171203
=LKR  \\$aPAR$lBLL01$r776$b004175543$mIl primo libro di madrigali /$nIl primo libro di madrigali /
=DGM  \\$a004175543$bCatBridge variable field
=DRT  \\$aDCW
=SRC  \\$aDCW$bDCW_20171202
=OHC  \\$a1
=LAS  \\$a1805-0738$b00$c20190111$lBLL01$h1828

