=LDR  05047 cm a22006377  4500
=001  018630792
=003  Uk
=005  20171203085731.0
=007  cr\mn\024mpada
=008  930308s1546\\\\it\||z\\s\\\\\\\\\\\ita\\
=FMT  \\$a  MU
=019  d\$aad06130010
=040  \\$aUk$beng$cUk
=041  \\$aita
=042  \\$aukblsr
=082  14$a780$215
=100  1\$aArcadelt, Jacob,$dapproximately 1505-1568.
=240  10$aMadrigals,$mvoices (4),$nbook 1
=245  13$aIl primo libro di madrigali /$cd'Archadelt a quattro voci con nuova gionta ultimamente impressi.
=264  \1$aVenetiis :$b[s.n.],$c1546.
=300  \\$a4 part books (1 v) ;$c15 x 22 cm (oblong 4º)
=336  \\$anotated music$2rdacontent
=337  \\$acomputer$2rdamedia
=338  \\$aonline$2rdacarrier
=340  \\$m4to$2rdabf
=500  \\$aCollection of madrigals in four parts (SATB).
=500  \\$aCopy at K.2.h.7. Cantvs (24 leaves) Altvs (24 leaves) Tenor (24 leaves) Bassvs (24 leaves); original foliation: Cantus: [I], II-XLVII, [XLVIII]. Page XV shows XVI; page XXIIII shows II. Altus: [I], II-XXXXVII, [XLVIII]. Page XXIII shows XXII; page XXXI shows XXI; page XXXXIII shows XXXIII. Tenor: [I], II-XXXXVII, [XLVIII]. Bassus: [I], II-XLVII, [XLVIII]; paper dimensions: 147 x 207 mm.$5Uk
=500  \\$aCopy at K.2.h.7. Digitised score at http://purl.org/rism/BI/1546/16.$5Uk
=500  \\$aNo composer name appears in the print and the title page implies that all the pieces are by Arcadelt. Nonetheless some pieces have conflicting attributions, described for RISM B/I 1539/22 in M.S. Lewis: Antonio Gardano, Venetian Music Printer 1538-1569: a Descriptive Bibliography and Historical Study (New York, 1988-97), no.16.
=500  \\$aPrevious editions include RISM B/I 1539/22 and 1541/9.
=500  \\$aThe cantus, altus and tenor part books bear the printer's mark. With table of contents.
=500  \\$aTranscribed title page from cantus part book: ARCHADELT / IL PRIMO LIBRO DI MADRIGALI D'ARCHADELT / A QVATTRO VOCI CON NVOVA GIONTA / VLTIMAMENTE IMPRESSI. / Con gratia & priuilegio. / VENETIIS M D XXXXVI. /
=505  0\$aSe 'l tuo partir mi spiacque -- Fra piu bei fiori -- Quai pomi mai qual'oro -- Deh se lo sdegn'altiero -- Non u'accorgete amanti -- Qual clitia sempr'al maggior -- Beneditt'i martiri ch'io -- Alma perche si trist'ogn'hor -- Se gli occhi non temprate -- Pungente dardo ch'il mio -- Ragion'e ben che alcuna volta -- Quanta belta quanta gratia -- Poss'io morir di mala morte -- Ahi se la donna mia -- Il bianco e dolce cigno -- Non ch'io non uoglio mai -- Deh dimm'amor se l'alma -- Io dico che fra noi [sic] -- Fammi pur guerr'amor -- Voi ue n'andat'al cielo -- Voi la mia uita -- Occhi miei lassi -- Io uorrei pur fuggir -- Ancidetemi pur grieui martiri -- Sapete amanti perch'amor'e cieco -- Io ho nel cor un gielo -- Dunque credete ch'io -- Quando co 'l dolce suono -- Chi potra dir quanta dolcezza -- Quant'e ma donna mia -- Madonn' ohime per qual cagion -- Felice me se dei bei lume -- Giouinetta regal -- Lodar uoi donn'ingrate -- Noua donna m'apparue -- Deh come pur'al fin -- Lasciar'il uelo -- Il ciel che rado uirtu -- Se ui piace signora -- Non piu ciance madonna -- Perche non date uoi -- Vostra fui e saro mentre ch'io uiua -- Se la dura durezza -- Voi sapete ch'io u'am'anzi -- Che piu foc'al mio foco -- O si'o potessi donna -- Io mi pensai che spento -- Bella Fioretta io uorrei pur lodarui -- Madonna mia gentile -- O Felic' occhi miei -- Amor tu sai pur far -- Qua[n]ti trauagl'e pene -- Se per colpa del uostro fiero sdegno - Ahime dou'el bel uiso -- Ver'infern'el mio petto -- Quand'io pens'al martire.
=510  4\$aJohn Milsom, 'The Nonsuch Music Library', in Chris Banks, Arthur Searle and Malcolm Turner (eds.), Sundry Sorts of Music Books: Essays on The British Library Collections, Presented to O. W. Neighbour on his 70th Birthday (London, 1993),$cp. 146-82.
=510  4\$aRISM B/I,$c1546 ¹⁶
=546  \\$aItalian words.
=650  \0$aMadrigals, Italian.
=700  1\$aArundel, Henry Fitz Alan,$cEarl of,$d1512-1580,$eformer owner.
=700  1\$aLumley, John Lumley,$cBaron,$d1534?-1609,$eformer owner.
=752  \\$aItaly$bVenice.$2lcsh/naf
=856  41$uhttp://purl.org/rism/BI/1546/16$yDigitised score
=859  \\$aXLD$bDCW
=852  4\$cDRT$jDigital Store K.2.h.7.$aBritish Library$bMUSIC
=985  \\$aRecord amended for WR# 13/070
=985  \\$aname title to add
=985  \\$aCorrected by MS generated file for WR# 1805-0738
=CAT  \\$aBATCH-DCW$b00$c20171203$lBLL01$h0857
=CAT  \\$a1805-0738$c20190111$lBLL01$h1807
=CAT  \\$a1805-0738$b00$c20190111$lBLL01$h1828
=FIN  \\$aY$d20171203
=LKR  \\$aPAR$lBLL01$r776$b004175544$mIl primo libro di madrigali /$nIl primo libro di madrigali /
=DGM  \\$a004175544$bCatBridge variable field
=DRT  \\$aDCW
=SRC  \\$aDCW$bDCW_20171202
=OHC  \\$a1
=LAS  \\$a1805-0738$b00$c20190111$lBLL01$h1828

