=LDR  05337 cm a22006617  4500
=001  018630793
=003  Uk
=005  20171203085731.0
=007  cr\mn\024mpada
=008  930308s1557\\\\it\||z\\s\\\\\\\\\\\ita\\
=FMT  \\$a  MU
=019  d\$aad06130012
=040  \\$aUk$beng$cUk
=041  \\$aita
=042  \\$aukblsr
=082  14$a780$215
=100  1\$aArcadelt, Jacob,$dapproximately 1505-1568.
=240  10$aMadrigals,$mvoices (4),$nbook 1
=245  10$aArcadelt primo cinquanta, et sei madrigali a quattro voci.$nLibro primo /$cdello eccellente musico Giaches Arcadelt cantore della capella del Papa.
=250  \\$aDi nuovo riveduti, & con somma diligentia corretti.
=264  \1$aIn Venetia :$bPer Plinio Pietrasanta,$cMDLVII [1557]
=300  \\$a4 part books ;$c15 x 22 cm (oblong 4º)
=336  \\$anotated music$2rdacontent
=337  \\$acomputer$2rdamedia
=338  \\$aonline$2rdacarrier
=340  \\$m4to$2rdabf
=500  \\$aCollection of madrigals in four parts (SATB).
=500  \\$aCopy at K.2.d.19.(1.). Digitised score at http://purl.org/rism/BI/1557/21.$5Uk
=500  \\$aCopy at K.2.d.19.(1.). Tenor (24 leaves); original foliation: Tenor [i], I-XXXXVI, [XXXXVII]; paper dimensions: 143 x 205 mm.$5Uk
=500  \\$aThe book was issued more than fifty-eight times in the sixteenth and seventeenth centuries, starting with RISM B/I 1539/22 (see Bridges). Attributions vary in the different editions and, in some cases, they are conflicting.
=500  \\$aTranscribed title page from tenor part book: ARCADELT PRIMO / CINQVANTA, ET SEI MADRIGALI A QVATTRO / VOCI DELLO ECCELLENTE MVSICO / GIACHES ARCADELT CANTORE / DELLA CAPELLA / DEL PAPA, / Di nuouo riueduti, & con somma diligentia corretti. / LIBRO PRIMO. / IN VENETIA per Plinio Pietrasanta M D LVII.
=500  \\$aWith alphabetical list of contents headed 'TAVOLA Delli Madrigali Numero 56'.
=505  0\$aIl bianco, e dolce Cigno / Arcadelt -- Voi ve n'andat'al cielo / Arcadelt -- Pungente dardo, che'l mio cor / Arcadelt -- Ragion'è ben ch'alcuna volt'io canti -- Quanta beltà, quanta gratia, e splendore / Arcadelt -- Poss'io morir di mala morte -- Ahi se la Donna mia -- Occhi miei lassi mentre ch'io vi giro / Arcadelt -- Io vorrei pur fuggir crudel amore -- Non ch'io no[n] voglio mai altro pe[n]siero / Arcadelt -- Voi la mia vita sete -- Deh dimm'amor se l'alma / Arcadelt -- Io dico, che fra voi, potenti Dei -- Fammi pur guerr'amor -- Ancidetemi pur grievi martiri / Arcadelt -- Sapete amanti perch'amor'e cieco -- Io ho nel cor un gielo -- Dunque credete ch'io -- Quando co 'l dolce suono / Arcadelt -- Chi potra dir quanta dolcezza / Arcadelt -- Quant'e Madonna mia -- Madonna hoimè, per qual cagion m'havete -- Felice me, se de' bei lume -- Giovenetta regal -- Lodar voi donn'ingrate / Arcadelt -- Nova donna m'apparve / Arcadelt -- Dhe come pur' al fin / Arcadelt -- Lasciar'il velo -- Il ciel, che rado virtù tanta mostra / Arcadelt --
=505  0\$aSe vi piace signora / Arcadelt -- Non piu ciance madonna -- Perche non date voi -- Vostra fui, e sarò mentre ch'io viva / Arcadelt -- Se la dura durezza -- Voi sapete, ch'io v'amo / Arcadelt -- Che piu foco'al mio foco / Arcadelt -- O si'o potessi Donna -- Io mi pensai, che spento -- Bella Fioretta, io vorrei pur lodarvi / Arcadelt -- Madonna mia gentile / Arcadelt -- Amor tu sai pur far -- O Felici occhi miei -- Se 'l tuo partir mi spiacque / Arcadelt -- Deh se lo sdegno'altiero / Arcadelt -- Fra piu bei fiori / Arcadelt -- Se gli occhi non temprate -- Quai pomi mai, qual'oro -- Alma, perche si trista -- Non v'accorgete amanti / Arcadelt -- Qual Clitia sempr'al maggior lumi -- Benedett'i martiri / Arcadelt -- Quanti travagli, e pene / Arcadelt -- Se per colpa del vostro fiero sdegno -- Ahimè, dov'è 'l bel viso -- Ver'infern'è 'l mio petto -- Quand'io pens'al martire / Arcadelt.
=510  4\$aM.S. Lewis: Antonio Gardano, Venetian Music Printer 1538-1569: a Descriptive Bibliography and Historical Study (New York, 1988-97), no. 4.
=510  4\$aRISM B/I,$c1557 ²¹
=510  4\$aT.W. Bridges: The Publishing of Arcadelt's First Book of Madrigals (diss., Harvard U., 1982), 353-56.
=546  \\$aItalian words.
=650  \0$aMadrigals, Italian.
=700  1\$aCummings, William Hayman,$d1831-1915,$eformer owner.
=700  1\$aPietrasanta, Plinio,$dactive 16th century,$eprinter.
=752  \\$aItaly$dVenice.$2lcsh/naf
=856  41$uhttp://purl.org/rism/BI/1557/21$yDigitised score
=859  \\$aXLD$bDCW
=852  4\$cDRT$jDigital Store K.2.d.19.(1.)$aBritish Library$bMUSIC
=985  \\$aRecord amended for WR# 13/070
=985  \\$aname title to add
=985  \\$aCorrected by MS generated file for WR# 1805-0738
=CAT  \\$aBATCH-DCW$b00$c20171203$lBLL01$h0857
=CAT  \\$a1805-0738$c20190111$lBLL01$h1807
=CAT  \\$a1805-0738$b00$c20190111$lBLL01$h1828
=FIN  \\$aY$d20171203
=LKR  \\$aPAR$lBLL01$r776$b004175546$mArcadelt primo cinquanta, et sei madrigali a quattro voci.$nArcadelt primo cinquanta, et sei madrigali a quattro voci.
=DGM  \\$a004175546$bCatBridge variable field
=DRT  \\$aDCW
=SRC  \\$aDCW$bDCW_20171202
=OHC  \\$a1
=LAS  \\$a1805-0738$b00$c20190111$lBLL01$h1828

