=LDR  08704ccm a22010817  4500
=001  018630794
=003  Uk
=005  20220810134923.0
=007  cr\mn\024mpada
=008  930308s1597\\\\it\||z\\s\\\\\\\\\\\ita\\
=FMT  \\$a  MU
=019  d\$aad06130013
=040  \\$aUk$beng$cUk
=042  \\$aukblsr
=082  14$a780$215
=100  1\$aArcadelt, Jacob,$dapproximately 1505-1568.
=240  10$aMadrigals,$mvoices (4),$nbook 1.$kSelections
=245  13$aIl primo libro de madrigali a quattro voci /$cArchadelt.
=250  \\$aNovamente ristampato, & con ogni diligenza corretto.
=264  \1$aIn Venetia :$bAppresso Giamo Vincenti,$cMDXCVII [1597]
=300  \\$a4 part books ;$c22 x 17 cm (4º)
=336  \\$anotated music$2rdacontent
=337  \\$acomputer$2rdamedia
=338  \\$aonline$2rdacarrier
=340  \\$m4to$2rdabf
=500  \\$aCollection of madrigals in four parts (SATB).
=500  \\$aCopy at K.2.h.8. Canto (16 leaves), Alto (16 leaves), Basso (16 leaves); Canto: [i], 1-30, [31] Alto: [i], 1-30, [31] Basso: [i], 1-4, 5-30, [31]; paper dimensions: 211 x 151 mm.$5Uk
=500  \\$aCopy at K.2.h.8. Digitised score at http://purl.org/rism/BI/1597/17.$5Uk
=500  \\$aThe book was printed more than fifty-eight times in the sixteenth and seventeenth centuries, starting with RISM B/I 1539/22. Attributions are sometimes conflicting in different editions.
=500  \\$aTitle from Canto part book.
=500  \\$aTranscribed title page from Canto part book: ARCHADELT / IL PRIMO LIBRO / DE MADRIGALI / A QVATTRO VOCI / Nouamente ristampato, & con ogni diligenza corretto / IN VENETIA, Appresso Giamo Vincenti. M. D XCVII.
=500  \\$aWith alphabetical list of contents.
=505  0\$aIl bianco e dolce cigno / Archadelt -- Voi ve n'andate al cielo / Archadelt -- Pungente dardo ch'il mio cor / Giaches Berchem -- Ragion'è ben ch'alcuna volta / Giach[e]s Berchem -- Quanti travagli e pene / Corteccia -- Se per colpa del vostro fiero sdegno -- Ahime dov'è 'l bel viso / Archadelt -- Occhi miei lassi / Archadelt -- Io vorrei pur fuggir / Corteccia -- Fammi pur guerr'amor / Corteccia -- Quant'é madonna mia folle / Archadelt -- Nova donna m'apparve / Archadelt -- Ancidetemi pur grievi martiri / Archadelt -- Dunque credete ch'io / Archadelt -- Quando co 'l dolce suono / Archadelt -- O s'io potessi donna / Giachet Berchem -- Che piu foc'al mio foco / Archadelt -- Se vi piace signora / Archadelt -- Laßar'il velo / Archadelt -- Il ciel che rado virtu / Archadelt -- Io mi pensai che spento / Archadelt -- Bella Fioretta io vorrei pur lodarvi / Archadelt -- Se 'l tuo partir mi spiacque / Archadelt -- Deh se lo sdegn'altiero / Archadelt -- Quai pomi mai qual'oro / Archadelt -- Non v'accorgete amanti / Corteccia -- Qual Clitia sempre al maggior lume / Archadelt -- Beneditti i martiri ch'io / Archadelt -- Vero infern'è'l mio petto / Archadelt -- Quand'io penso al martire / Archadelt -- Quanta beltà qua[n]ta gratia / Archadelt -- Poß'io morir di mala morte -- Ahi se la donna mia / Archadelt.
=510  4\$aM.S. Lewis: Antonio Gardano, Venetian Music Printer 1538-1569: a Descriptive Bibliography and Historical Study (New York, 1988-97),$cno. 4.
=510  4\$aRISM B/I,$c1597 ¹⁷
=510  4\$aT.W. Bridges: 'The Publishing of Arcadelt's First Book of Madrigals' (diss., Harvard U., 1982),$c353-56.
=546  \\$aItalian words.
=650  \0$aMadrigals, Italian.
=700  1\$aVincenti, Giacomo,$d-1619,$eprinter.
=700  12$aArcadelt, Jacob,$dapproximately 1505-1568.$tMadrigals,$mvoices (4),$nbook 1.$pAhi, se la donna mia.
=700  12$aArcadelt, Jacob,$dapproximately 1505-1568.$tMadrigals,$mvoices (4),$nbook 1.$pAhime dov'è'l bel viso.
=700  12$aArcadelt, Jacob,$dapproximately 1505-1568.$tMadrigals,$mvoices (4),$nbook 1.$pAncidetemi pur, grievi martiri.
=700  12$aArcadelt, Jacob,$dapproximately 1505-1568.$tMadrigals,$mvoices (4),$nbook 1.$pBella Fioretta, io vorrei pur lodar.
=700  12$aArcadelt, Jacob,$dapproximately 1505-1568.$tMadrigals,$mvoices (4),$nbook 1.$pBenedett'i martiri.
=700  12$aArcadelt, Jacob,$dapproximately 1505-1568.$tMadrigals,$mvoices (4),$nbook 1.$pBianco e dolce cigno.
=700  12$aArcadelt, Jacob,$dapproximately 1505-1568.$tMadrigals,$mvoices (4),$nbook 1.$pCh'è più foc'al mio foco.
=700  12$aArcadelt, Jacob,$dapproximately 1505-1568.$tMadrigals,$mvoices (4),$nbook 1.$pCiel che rado virtù tanta mostra.
=700  12$aArcadelt, Jacob,$dapproximately 1505-1568.$tMadrigals,$mvoices (4),$nbook 1.$pDeh se lo sdegn'altiero.
=700  12$aArcadelt, Jacob,$dapproximately 1505-1568.$tMadrigals,$mvoices (4),$nbook 1.$pDunque credete ch'io.
=700  12$aArcadelt, Jacob,$dapproximately 1505-1568.$tMadrigals,$mvoices (4),$nbook 1.$pIo mi pensai che spento fusse'l foco.
=700  12$aArcadelt, Jacob,$dapproximately 1505-1568.$tMadrigals,$mvoices (4),$nbook 1.$pLasciar il velo o per sol'o per ombra.
=700  12$aArcadelt, Jacob,$dapproximately 1505-1568.$tMadrigals,$mvoices (4),$nbook 1.$pNon v'accorgete amanti che di costei.
=700  12$aArcadelt, Jacob,$dapproximately 1505-1568.$tMadrigals,$mvoices (4),$nbook 1.$pNova donna m'apparve di beltà tale.
=700  12$aArcadelt, Jacob,$dapproximately 1505-1568.$tMadrigals,$mvoices (4),$nbook 1.$pOcchi miei lassi, mentre ch'io vi giro.
=700  12$aArcadelt, Jacob,$dapproximately 1505-1568.$tMadrigals,$mvoices (4),$nbook 1.$pPoss'io miror di mala morte.
=700  12$aArcadelt, Jacob,$dapproximately 1505-1568.$tMadrigals,$mvoices (4),$nbook 1.$pQuai pomi mai, qual'oro.
=700  12$aArcadelt, Jacob,$dapproximately 1505-1568.$tMadrigals,$mvoices (4),$nbook 1.$pQual Clitia sempre al maggior lum'intenta.
=700  12$aArcadelt, Jacob,$dapproximately 1505-1568.$tMadrigals,$mvoices (4),$nbook 1.$pQuand'io pens'al martire.
=700  12$aArcadelt, Jacob,$dapproximately 1505-1568.$tMadrigals,$mvoices (4),$nbook 1.$pQuando col dolce suono.
=700  12$aArcadelt, Jacob,$dapproximately 1505-1568.$tMadrigals,$mvoices (4),$nbook 1.$pQuant'è madonna mia.
=700  12$aArcadelt, Jacob,$dapproximately 1505-1568.$tMadrigals,$mvoices (4),$nbook 1.$pQuanta beltà, quanta gratia e splendour.
=700  12$aArcadelt, Jacob,$dapproximately 1505-1568.$tMadrigals,$mvoices (4),$nbook 1.$pQuanti travaglie pene.
=700  12$aArcadelt, Jacob,$dapproximately 1505-1568.$tMadrigals,$mvoices (4),$nbook 1.$pSe 'l tuo partir mi spiacque.
=700  12$aArcadelt, Jacob,$dapproximately 1505-1568.$tMadrigals,$mvoices (4),$nbook 1.$pSe per colpa del vostro fiero sdegno.
=700  12$aArcadelt, Jacob,$dapproximately 1505-1568.$tMadrigals,$mvoices (4),$nbook 1.$pSe vi piace signora.
=700  12$aArcadelt, Jacob,$dapproximately 1505-1568.$tMadrigals,$mvoices (4),$nbook 1.$pVer'inferno è 'l mio petto.
=700  12$aArcadelt, Jacob,$dapproximately 1505-1568.$tMadrigals,$mvoices (4),$nbook 1.$pVoi ve n'anda'al cielo.
=700  12$aBerchem, Jachet de,$dactive 16th century.$tMadrigals,$mvoices (4).$kSelections.
=700  12$aBerchem, Jachet de,$dactive 16th century.$tMadrigals,$mvoices (4).$pO s'io potessi donna.
=700  12$aBerchem, Jachet de,$dactive 16th century.$tMadrigals,$mvoices (4).$pPungente dardo.
=700  12$aBerchem, Jachet de,$dactive 16th century.$tMadrigals,$mvoices (4).$pRagion è ben.
=700  12$aCorteccia, Francesco,$d1502-1571.$tMadrigals,$mvoices (4),$nbk. 1.$pFammi pur guerr'amor.
=700  12$aCorteccia, Francesco,$d1502-1571.$tMadrigals,$mvoices (4),$nbk. 1.$pIo vorrei pur fuggir.
=752  \\$aItaly$dVenice.$2lcsh/naf
=856  41$uhttp://purl.org/rism/BI/1597/17$yDigitised score
=859  \\$aXLD$bDCW
=852  4\$cDRT$jDigital Store K.2.h.8.$aBritish Library$bMUSIC
=985  \\$aArcadelt & Berchem - any not on NACO are as in Grove; Corteccia checked in H.3./32/8-9 and established accordingly (AP)
=985  \\$aRecord amended for WR# 13/070
=985  \\$aCorrected by MS generated file for WR# 1805-0738
=CAT  \\$aBATCH-DCW$b00$c20171203$lBLL01$h0857
=CAT  \\$a1805-0738$c20190111$lBLL01$h1807
=CAT  \\$a1805-0738$b00$c20190111$lBLL01$h1828
=CAT  \\$aMFISHER$b40$c20220810$lBLL01$h1342
=CAT  \\$aMFISHER$b40$c20220810$lBLL01$h1346
=CAT  \\$aMFISHER$b40$c20220810$lBLL01$h1349
=FIN  \\$aY$d20171203
=LKR  \\$aPAR$lBLL01$r776$b004175547$mIl primo libro de madrigali a quattro voci /$nIl primo libro de madrigali a quattro voci /
=DGM  \\$a004175547$bCatBridge variable field
=DRT  \\$aDCW
=SRC  \\$aDCW$bDCW_20171202
=OHC  \\$a1
=LAS  \\$aMFISHER$b40$c20220810$lBLL01$h1349

