=LDR  05633 cm a22006977  4500
=001  018630795
=003  Uk
=005  20171203085731.0
=007  cr\mn\024mpada
=008  930308s1541\\\\it\||z\\s\\\\\\\\\\\ita\\
=FMT  \\$a  MU
=019  d\$aad06130027
=040  \\$aUk$beng$cUk
=041  \\$aita
=042  \\$aukblsr
=082  14$a780$215
=100  1\$aArcadelt, Jacob,$dapproximately 1505-1568.
=240  10$aMadrigals,$mvoices (4),$nbook 3
=245  13$aIl terzo libro dei madrigali /$cnovissimi di Archadelt a quattro voci insieme con alchuni di constantio festa & altri dieci bellissimi a voci mudate. Novamente ristampati con nova gionta & nova corretione.
=264  \1$aVenetiis :$bApud Antonium Gardane,$c1541.
=300  \\$a4 part books (1 v) ;$c15 x 22 cm (oblong 4º)
=336  \\$anotated music$2rdacontent
=337  \\$acomputer$2rdamedia
=338  \\$aonline$2rdacarrier
=340  \\$m4to$2rdabf
=500  \\$aCollection of madrigals in four parts (SATB).
=500  \\$aCopy at K.2.h.5. Cantvs (24 leaves; [1], 2-47, [48] p.) Altvs (24 leaves; [1], 2-47, [48] p.) Tenor (24 leaves; [1], 2-47, [48] p.) Bassvs (24 leaves; [1], 2-47, [48] p.); paper dimensions: 147 x 207 mm; wrong date in the cantus [M. D. LXI] amended in ink [M. D. XLI].$5Uk
=500  \\$aCopy at K.2.h.5. Digitised score at http://purl.org/rism/BI/1541/11.$5Uk
=500  \\$aTranscribed title page from tenor part book: IL TERZO LIBRO DE I MADRIGALI NOVISSIMI / di archadelt a quattro voci insieme con alchuni di constantio festa & altri dieci bellissimi / a voci mudate nouamente ristampati con noua gionta & noua corretione. / M. D. XLI. / Venetiis apud antonium gardane / Terzo Libro d'Archadelt.
=500  \\$aWith table of contents in alphabetical order. Revised edition of RISM 1539 ³² issued by Girolamo Scotto.
=505  0\$aSel mio bel sol / Archadelt -- Che cosa 'l mondo far / Archadelt -- Donna beata e bella d'amor / Archadelt -- Quando talhor el mio vnico sole / Archadelt -- Fiamma gentil entr'a cui / Archadelt -- Se non fosse nel uolto di costei / Archadelt -- Ecco che pur doppo si lunghi / Archadelt -- Foll'e chi credela prudenti / Archadelt -- Se grato o ingrat'amor / Con. Festa - Lasso quand'io gli occhi / Archadelt -- Benedetto sia 'l di che / Archadelt -- E morta la speranza -- Se mort'in me potesse / Con. Festa -- Sei vostri bei sembianti / Archadelt -- Amor s'al primo sguardo / Con. Festa -- Quanto piu m'ard' & piu / Con. Festa -- So che nissun mi crede / Con. Festa -- Posando le mie me[m]bra / Archadelt -- Dai dolci camp'Elisi / Archadelt -- Se la durezz'in voi / Archadelt -- Dhe quanto fu pietoso / Archadelt -- Se' i sguardi dicostei / Con. Festa -- Mado[n]n'al volto mio palido / Archadelt -- Non sia chi pe[n]s'al mio / Archadelt -- Luce creat'in terra / Archadelt -- Io potrei forsi dire / Archadelt -- Bramo morir per non patir / Archadelt - Lasso che pur hormai -- Si liet'alcun giamai / Archadelt -- Qual paura ho quando mi torn'a mente / Archadelt -- Madonna s'io credessi / Archadelt -- Liet'e seren'in vista / Archadelt -- Voi che prendete gioia / Archadelt -- Quanto frai voi mortali / Archadelt -- Quando ritrouo la mia pastorella / Con. Festa -- Hor che 'l cielo, & la terra / Archadelt --
=505  0\$aSi come d'ogni donna sei piu bella / Archadelt -- Donna se 'l mio seruire / Archadelt - Vaghi pensier che cosi passo / Archadelt -- Languir non mi fa amore / Archadelt (cantus) / Corteccia (altus, tenor and bassus) -- O felici color che nott'e giorno / Con. Festa -- Chi puo fiso mirar la donna mia / Archadelt -- Angela assai via piu / Archadelt -- Per non saperti ringratiar / Archadelt -- Saltrui d'amor sospira / Archadelt -- Poi chel fiero destin / Iachet Berchem -- Diuelt'el mio vel viuo / Con. Festa -- Si come dit'ogn'hor / Archadelt -- Amanti tutt'il bel che voi / Archadelt.
=510  4\$aJohn Milsom, 'The Nonsuch Music Library', in Chris Banks, Arthur Searle and Malcolm Turner (eds.), Sundry Sorts of Music Books: Essays on The British Library Collections, Presented to O. W. Neighbour on his 70th Birthday (London, 1993), 146-82,$cno. 10.
=510  4\$aM.S. Lewis: Antonio Gardano, Venetian Music Printer 1538-1569: a Descriptive Bibliography and Historical Study (New York, 1988-97),$cno. 18.
=510  4\$aRISM B/I,$c1541 ¹¹
=546  \\$aItalian words.
=650  \0$aMadrigals, Italian
=700  1\$aArundel, Henry Fitz Alan,$cEarl of,$d1512-1580,$eformer owner.$5Uk.
=700  1\$aBerchem, Jachet de,$dactive 16th century,$ecomposer.
=700  1\$aCorteccia, Francesco,$d1502-1571,$ecomposer.
=700  1\$aFesta, Costanzo,$d-1545,$ecomposer.
=700  1\$aGardane, Antonio,$d1509-1569,$eprinter.
=700  1\$aLumley, John Lumley,$cBaron,$d1534?-1609,$eformer owner.$5Uk.
=752  \\$aItaly$dVenice$2lcsh/naf
=856  41$uhttp://purl.org/rism/BI/1541/11$yDigitised score
=859  \\$aXLD$bDCW
=852  4\$cDRT$jDigital Store K.2.h.5.$aBritish Library$bMUSIC
=985  \\$aEarly Music Online project
=985  \\$aRecord amended for WR# 13/070
=985  \\$aname title to add
=985  \\$aCorrected by MS generated file for WR# 1805-0738
=CAT  \\$aBATCH-DCW$b00$c20171203$lBLL01$h0857
=CAT  \\$a1805-0738$c20190111$lBLL01$h1807
=CAT  \\$a1805-0738$b00$c20190111$lBLL01$h1828
=FIN  \\$aY$d20171203
=LKR  \\$aPAR$lBLL01$r776$b004175560$mIl terzo libro dei madrigali /$nIl terzo libro dei madrigali /
=DGM  \\$a004175560$bCatBridge variable field
=DRT  \\$aDCW
=SRC  \\$aDCW$bDCW_20171202
=OHC  \\$a1
=LAS  \\$a1805-0738$b00$c20190111$lBLL01$h1828

