=LDR  05455 cm a22007457  4500
=001  018630796
=003  Uk
=005  20171203085731.0
=007  cr\mn\024mpada
=008  930308s1541\\\\it\||z\\s\\\\\\\|\\\ita\\
=FMT  \\$a  MU
=019  d\$aad06130028
=040  \\$aUk$beng$cUk
=042  \\$aukblsr
=082  14$a780$215
=100  1\$aArcadelt, Jacob,$dapproximately 1505-1568.
=240  10$aMadrigals,$mvoices (4),$nbook 4
=245  10$aIl quarto libro di madrigali /$cd'Archadelt, a quattro voci, composti ultimamente insieme con alcuni Madrigali d'altri auttori, novamente con ogni diligentia ristampati, & corretti.
=264  \1$aExcudebat Venetiis :$bapud Antonium Gardane,$cMDXXXXI [1541]
=300  \\$a4 part books (1 v) ;$c15 x 22 cm (oblong 4º)
=336  \\$anotated music$2rdacontent
=337  \\$acomputer$2rdamedia
=338  \\$aonline$2rdacarrier
=340  \\$m4to$2rdabf
=500  \\$aCollection of madrigals in four parts (SATB), with an alphabetical table of contents at end of each part book.
=500  \\$aCopy at K.2.h.6. Cantus (20 leaves; [1], 2-39, [40] p.), Altus (20 leaves; [1], 2-39, [40] p.), Tenor (20 leaves; [1], 2-7, [8], 9-39, [40] p.), Bassus (20 leaves; [1], 6-7, 4-5, 2-3, 8-39, [40] p.); paper dimensions: 147 x 207 mm.$5Uk
=500  \\$aCopy at K.2.h.6. Digitised score at http://purl.org/rism/BI/1541/12.$5Uk
=500  \\$aLater edition of RISM 1539 ²⁴, with a few different attributions.
=500  \\$aTranscribed title page from tenor part book: IL QVARTO LIBRO DI MADRIGALI D'ARCHA- / delt, a Quattro Voci, Composti vltimamente insieme con alcuni Madrigali d'altri aut- / tori, Nouamente con ogni diligentia ristampati, & corretti. / M. D. XXXXI. / NON SINE PRIVILEGIO. / Excudebat Venetiis, apud Antonium Gardane. Quarto libro d'Archadelt.
=505  0\$aGli prieghi mei / Archadelt -- Altro no[n] e' l mi'amor / Iachet Berchem -- Amor quanto piu lieto / Archadelt -- Giurando' l dissi amore / Archadelt -- Tenga[n] dunque ver me / Archadelt -- Mado[n]na oime ch'io ardo / Archadelt -- Sio no[n] lodo mado[n]na / Archadelt -- Viddi fra l'herbe verde / Archadelt -- Donna i vostri begliocchi / Archadelt -- Quando i vostri begli occhi / Archadelt -- Donna quel fidel seruo / Franc. Corteccia -- Quest'e la fede amanti / Archadelt -- Hor ved'amor che giouenetta / Archadelt -- Donna grau'e la doglia / Archadelt -- Dolcemente s'adira la donna mia / Archadelt - Lasso che gioua poi / Archadelt -- Io nol dissi giamai / Archadelt -- Io son tal volta donna / Archadelt -- Dolce nimica mia / Archadelt -- Madonna per oltraggi'o / Archadelt -- Donna fra piu bei volti / Archadelt - Tronchi la parcha ogn'hora / Archadelt -- Quanto piu di lasciar / Archadelt -- Deh fuss'il ver / Archadelt -- Come potro fidarmi / Archadelt -- Donna s'ogni beltade / Archadelt - Se contra vostra voglia / Archadelt -- Sel foc'in cui se[m]pr'ardo / Archadelt -- Si grand'e la pieta / Archadelt -- Apri' l mio dolce carcer / - Dal bel soaue ragio / Layole -- Ditimi o si, o no / Morales -- Ardenti miei desiri / Archadelt -- Qual senza mot' & senza razz'el sole / Archadelt -- Col pe[n]sier mai no[n] maculai / Archadelt -- Sera forsi ripreso / Archadelt -- Calde lagrime mie / Petrus Organista -- Pace non trovo / You -- Cosi soav'el fuoco / Con. Festa.
=510  4\$aJohn Milsom, 'The Nonsuch Music Library', in Chris Banks, Arthur Searle and Malcolm Turner (eds.), Sundry Sorts of Music Books: Essays on The British Library Collections, Presented to O. W. Neighbour on his 70th Birthday (London, 1993), 146-82,$cno. 10.
=510  4\$aM.S. Lewis: Antonio Gardano, Venetian Music Printer 1538-1569: a Descriptive Bibliography and Historical Study (New York, 1988-97),$cno. 19.
=510  4\$aRISM B/I,$c1541 ¹²
=546  \\$aItalian words.
=650  \0$aMadrigals, Italian.
=700  1\$aArundel, Henry Fitz Alan,$cEarl of,$d1512-1580,$eformer owner.$5Uk.
=700  0\$aIvo Barry,$dactive 1525-1550,$ecomposer.
=700  1\$aBerchem, Jachet de,$dactive 16th century,$ecomposer.
=700  1\$aCorteccia, Francesco,$d1502-1571,$ecomposer.
=700  1\$aFesta, Costanzo,$d-1545,$ecomposer.
=700  1\$aGardane, Antonio,$d1509-1569,$eprinter.
=700  1\$aLayolle, Francesco de,$d1492-approximately 1540,$ecomposer.
=700  1\$aLumley, John Lumley,$cBaron,$d1534?-1609,$eformer owner.$5Uk.
=700  1\$aMorales, Cristóbal de,$dapproximately 1500-1553,$ecomposer.
=710  2\$aGardane (Firm)
=752  \\$aItaly$dVenice.$2lcsh/naf
=856  41$uhttp://purl.org/rism/BI/1541/12$yDigitised score
=859  \\$aXLD$bDCW
=852  4\$cDRT$jDigital Store K.2.h.6$aBritish Library$bMUSIC
=985  \\$aEarly Music Online project
=985  \\$aRecord amended for WR# 13/070
=985  \\$aname title to add
=985  \\$aCorrected by MS generated file for WR# 1805-0738
=CAT  \\$aBATCH-DCW$b00$c20171203$lBLL01$h0857
=CAT  \\$a11814$b40$c20180919$lBLL01$h1041
=CAT  \\$aBATCH-UPD$b40$c20180919$lBLL01$h1041
=CAT  \\$a1805-0738$c20190121$lBLL01$h1743
=CAT  \\$a1805-0738$b00$c20190121$lBLL01$h1745
=FIN  \\$aY$d20171203
=LKR  \\$aPAR$lBLL01$r776$b004175561$mIl quarto libro di madrigali /$nIl quarto libro di madrigali /
=DGM  \\$a004175561$bCatBridge variable field
=DRT  \\$aDCW
=SRC  \\$aDCW$bDCW_20171202
=OHC  \\$a1
=LAS  \\$a1805-0738$b00$c20190121$lBLL01$h1745

