=LDR  03961 cm a22006857  4500
=001  018630797
=003  Uk
=005  20171203085731.0
=007  cr\mn\024mpada
=008  930310s1573\\\\fr\||z\\s\\\\\\\\\\\fre\\
=FMT  \\$a  MU
=019  d\$acc08190041
=040  \\$aUk$beng$cUk
=041  \\$afre
=042  \\$aukblsr
=082  14$a780$215
=130  1\$aChansons à quatre & cinq parties.$n11e livre.
=245  10$aOnzieme livre de chansons à quatre & cinq parties /$cde plusieurs autheurs.
=260  \\$aA Paris :$bAdrian le Roy & Robert Ballard,$c1573.
=300  \\$a4 part books ;$c10 x 14 cm (obl. 16o)
=336  \\$anotated music$2rdacontent
=337  \\$acomputer$2rdamedia
=338  \\$aonline$2rdacarrier
=500  \\$aCollection of chansons in four and five parts.
=500  \\$aCopy at K.2.h.9.(2.). Contra[tenor] (16 leaves); original foliation: [1], 2-15, [16] f.; paper dimensions: 90 x 133 mm.$5Uk
=500  \\$aCopy at K.2.h.9.(2.). Digitised score at http://purl.org/rism/BI/1573/9.$5Uk
=500  \\$aRevised edition of RISM 1559 ¹¹ and 1562 ⁴ (the latter re-edited in 1567 ⁷). With table of contents in alphabetical order separating the items under the following headings: Chasse de la Perdrix; Le chant du Rossignol; Deux quarrilons and Guerre marine. The editions of 1559 and 1562 mention these headings on the title page.
=500  \\$aThis edition differs from that of 1567 in the substitution of a Chanson by Jannequin for one by Goudimel.
=500  \\$aTranscribed title page from contratenor part book: ONZIEME LIVRE / DE CHANSONS / à quatre & cinq parties, / de plusieurs, / autheurs. / Imprimé en quatre volumes. / A PARIS. / 1573 / Par Adrian le Roy, & Robert Ballard. / Imprimeurs du Roy. / Auec priuilege de sa magesté pour dix ans.
=505  0\$aResueillez vous tous gentils compagnons / Formentin -- Reueillez vous tous plaisa[n]s amoureux / Formentin -- [Sus Mathelotz] voici la guerre ouuerte (seconde partie: [Enfans] sus bout) / Desbordes -- As tu point la quelque esperuier / Delafont -- En escoutant le chant melodieux / Certon -- Venez danser au son de ma musette / Costeley -- Or dansons do[n]c maudit soit qui si faint / Touteau -- (Canon) Qui veut ouir chansonnette / Nicolas -- Tu me fais mourir de me dire / [Goudimel] -- Ouurez moy l'huys / Ianeqvin -- Du jour que je feuz amoureux / Goudimel.
=510  4\$aFrançois Lesure and Geneviève Thibault, Bibliographie des éditions d'Adrian Le Roy et Robert Ballard (1551-1598) (Paris, 1955),$cno. 177.
=510  4\$aRISM B/I,$c1573 ⁹
=546  \\$aFrench words.
=650  \0$aPolyphonic chansons
=700  1\$aBallard, Robert,$d-1588,$eprinter.
=700  1\$aCerton, Pierre,$d-1572,$ecomposer.
=700  1\$aCosteley, Guillaume,$d1530?-1606,$ecomposer.
=700  1\$aDelafont,$ecomposer.
=700  1\$aDes Bordes,$ecomposer.
=700  1\$aFourmentin,$ecomposer.
=700  1\$aGoudimel, Claude,$d-1572,$ecomposer.
=700  1\$aJanequin, Clément,$dapproximately 1495-approximately 1560,$ecomposer.
=700  1\$aLe Roy, Adrian,$dapproximately 1520-1598,$eprinter.
=700  1\$aNicolas, [Guillaume],$ecomposer.
=710  2\$aAdrian Le Roy & Robert Ballard (Firm),$eprinter.
=752  \\$aFrance$dParis.$2lcsh/naf
=856  41$uhttp://purl.org/rism/BI/1573/9$yDigitised score
=859  \\$aXLD$bDCW
=852  4\$cDRT$jDigital Store K.2.h.9.(2.)$aBritish Library$bMUSIC
=985  \\$aEarly Music Online project
=985  \\$aRecord amended for WR# 13/070
=985  \\$aname title to add
=CAT  \\$aBATCH-DCW$b00$c20171203$lBLL01$h0857
=FIN  \\$aY$d20171203
=LKR  \\$aPAR$lBLL01$r776$b004263569$mOnzieme livre de chansons à quatre & cinq parties /$nOnzieme livre de chansons à quatre & cinq parties /
=DGM  \\$a004263569$bCatBridge variable field
=DRT  \\$aDCW
=SRC  \\$aDCW$bDCW_20171202
=OHC  \\$a1
=LAS  \\$aBATCH-DCW$b00$c20171203$lBLL01$h0857

