=LDR  03906 cm a22006377  4500
=001  018630798
=003  Uk
=005  20171203085731.0
=007  cr\mn\024mpada
=008  930310s1572\\\\fr\||z\\s\\\\\\\\\\\fre\\
=FMT  \\$a  MU
=019  d\$acc08190045
=040  \\$aUk$beng$cUk
=041  \\$afre
=042  \\$aukblsr
=082  14$a780$215
=130  1\$aChansons à quatre & cinq parties.$n12e livre.
=245  10$aDousieme livre de chansons à quatre & cinq parties /$cd'Orlande de Lassus & autres.
=260  \\$aA Paris :$bAdrian le Roy, & Robert Ballard,$c1572.
=300  \\$a4 part books ;$c10 x 14 cm (obl. 16o)
=336  \\$anotated music$2rdacontent
=337  \\$acomputer$2rdamedia
=338  \\$aonline$2rdacarrier
=500  \\$aCollection of chansons. All are four-part works except for the last four, which are in five parts.
=500  \\$aCopy at K.2.h.9.(3.). Contra[tenor] (16 leaves); original foliation: f. [1], 2-15, [16]; paper dimensions: 90 x 133 mm.$5Uk
=500  \\$aCopy at K.2.h.9.(3.). Digitised score at http://purl.org/rism/BI/1572/4.$5Uk
=500  \\$aRevised edition of RISM B/I 1559 ¹², 1561 ⁵. Same contents as RISM B/I 1565 ⁶ and 1569 ¹⁵. With table of contents in alphabetical order.
=500  \\$aTranscribed title page from contratenor part book: DOVSIEME LIVRE / DE CHANSONS / à quatre & cinq parties, / D'orlande de lassus / & autres / Imprimé en quatre volumes. / A PARIS. / 1572 / Par Adrian le Roy, & Robert Ballard. / Imprimeurs du Roy. / Auec priuilege de sa magesté pour dix ans.
=505  0\$aLas voulez vous q'vne personne chante / Orlande -- Ie l'ayme bien & l'aymeray / Orlande -- Si le long tems à moy trop rigoureux / Orlande -- Avecques vous mon amour finira / Orlande -- Helas quel jour / Orlande -- Comment amour me veux tu tourmenter / Arcadet -- Plus tu cognois q[ue] je brusle pour toy / Goudimel -- O tems diuers qui me deffe[n]d de voir / Orlande -- En espoir vy & crainte me tourmente / Orlande -- Trop endurer sans auoir allegea[n]ce / Orlande -- Amour se plaint de ton forfait / Arcadet -- Vray Dieu disoit vne fillette / Orlande -- Complainte de la Torterelle. / Que dis-tu, que fais tu pensiue / Entraigves -- En ce moys delitieux / Nicolas -- (A cinq) Rends moy mon cœur / Orlande -- (A cinq) Las me faut il ta[n]t de mal supporter / Orlande -- (A cinq) Vn triste cœur remply de fantasie / Orlande -- (A cinq) Est-il possible à moy pouoir trouuer / Orlande.
=510  4\$aFrançois Lesure and Geneviève Thibault, Bibliographie des éditions d'Adrian Le Roy et Robert Ballard (1551-1598) (Paris, 1955),$cno. 164.
=510  4\$aRISM B/I,$c1572 ⁴
=546  \\$aFrench words.
=650  \0$aPolyphonic chansons$vParts
=700  1\$aArcadelt, Jacob,$dapproximately 1505-1568,$ecomposer.
=700  1\$aBallard, Robert,$d-1588,$eprinter.
=700  1\$aEntraigues,$ecomposer.
=700  1\$aGoudimel, Claude,$d-1572,$ecomposer.
=700  1\$aLasso, Orlando di,$d1532-1594,$ecomposer.
=700  1\$aLe Roy, Adrian,$dapproximately 1520-1598,$eprinter.
=700  1\$aNicolas, [Guillaume],$ecomposer.
=710  2\$aAdrian Le Roy & Robert Ballard (Firm),$eprinter.
=752  \\$aFrance$dParis.$2lcsh/naf
=856  41$uhttp://purl.org/rism/BI/1572/4$yDigitised score
=859  \\$aXLD$bDCW
=852  4\$cDRT$jDigital Store K.2.h.9.(3.)$aBritish Library$bMUSIC
=985  \\$aEarly Music Online project
=985  \\$aRecord amended for WR# 13/070
=985  \\$aname title to add
=CAT  \\$aBATCH-DCW$b00$c20171203$lBLL01$h0857
=FIN  \\$aY$d20171203
=LKR  \\$aPAR$lBLL01$r776$b004263573$mDousieme livre de chansons à quatre & cinq parties /$nDousieme livre de chansons à quatre & cinq parties /
=DGM  \\$a004263573$bCatBridge variable field
=DRT  \\$aDCW
=SRC  \\$aDCW$bDCW_20171202
=OHC  \\$a1
=LAS  \\$aBATCH-DCW$b00$c20171203$lBLL01$h0857

