=LDR  03905 cm a22006497  4500
=001  018630799
=003  Uk
=005  20171203085731.0
=007  cr\mn\024mpada
=008  930310s1573\\\\fr\||z\\s\\\\\\\\\\\fre\\
=FMT  \\$a  MU
=019  d\$acc08190060
=040  \\$aUk$beng$cUk
=041  \\$afre
=042  \\$aukblsr
=082  14$a780$215
=130  1\$aChansons à quatre & cinq parties.$n19e livre.
=245  10$aDixneufieme livre de chansons à quatre & cinq parties /$cd'Orlande de Lassus, & autres.
=260  \\$aA Paris :$bAdrian le Roy & Robert Ballard,$c1573.
=300  \\$a4 part books ;$c10 x 14 cm (obl. 16o)
=336  \\$anotated music$2rdacontent
=337  \\$acomputer$2rdamedia
=338  \\$aonline$2rdacarrier
=500  \\$aAll four-part works except for the last three, which are for five voices.
=500  \\$aCollection of chansons in four and five parts.
=500  \\$aCopy at K.2.h.9.(1.). Contra[tenor] (16 leaves; [1], 2-16 f.); paper dimensions: 90 x 133 mm.$5Uk
=500  \\$aCopy at K.2.h.9.(1.). Digitised score at http://purl.org/rism/BI/1573/13.$5Uk
=500  \\$aTranscribed title page from contratenor part book: DIXNEVFIEME LIVRE / DE CHANSONS / à quatre & cinq parties, / d'Orlande de lassus, / & autres. / Imprimé en quatre volumes. / A PARIS. / 1573 / Par Adrian le Roy, & Robert Ballard. / Imprimeurs du Roy. / Auec priuilege de sa magesté pour dix ans.
=500  \\$aWith table of contents in alphabetical order separating items in four and five voices. The contents are the same as in the editions of 1567 (RISM B/I 1567 ¹¹) and 1570 (RISM B/I 1570 ¹³).
=505  0\$aSortez regretz & allegez mon coeur / Phl. de Monte -- Le franc archer a la guerre sen va . Grovzy -- Et quant le diable vit venir tant de serge[n]s / Marchandy -- Le tems passé je soupire / Orlande -- Hatez vous de me faire grace / Orlande - En lieu secret je luy fus dire / Chevalier -- Qua[n]d l'e[n]nuy facheux vous prend / Costeley -- Bien bien je vous pardo[n]ne / Costeley - Ie l'ay si bien en mon entendement / Millot -- Ha maitresse mon soucy / Millo -- L'ennuy le dueil la peine & le martyre / Costeley -- Puis que ce beau moys / Costeley -- Allez mes premieres amours / Costeley -- Allon gay Bergeres / Costeley -- Mignonne allon voir / Costeley -- Que vaut Catin cette fuitte friuolle (A cinq) / Costeley -- Plus est seruy & plus se plaint (A cinq) / Costeley -- Le souuenir d'aymer me tient (A cinq) / Millot.
=510  4\$aF. Lesure and G. Thibault: Bibliographie des éditions d'Adrian Le Roy et Robert Ballard (1551-1598) (Paris, 1955),$cno. 182.
=510  4\$aRISM B/I,$c1573 ¹³
=546  \\$aFrench words.
=650  \0$aPolyphonic chansons$vParts
=700  1\$aBallard, Robert,$d-1588,$eprinter.
=700  1\$aCosteley, Guillaume,$d1530?-1606,$ecomposer.
=700  1\$aGrouzy, Nicolas,$ecomposer.
=700  1\$aLasso, Orlando di,$d1532-1594,$ecomposer.
=700  1\$aLe Roy, Adrian,$dapproximately 1520-1598,$eprinter.
=700  1\$aMillot, Nicolas,$ecomposer.
=700  1\$aMonte, Philippe de,$d1521-1603,$ecomposer.
=710  2\$aAdrian Le Roy & Robert Ballard (Firm),$eprinter.
=752  \\$aFrance$dParis.$2lcsh/naf
=856  41$uhttp://purl.org/rism/BI/1573/13$yDigitised score
=859  \\$aXLD$bDCW
=852  4\$cDRT$jDigital Store K.2.h.9.(1.)$aBritish Library$bMUSIC
=985  \\$aEarly Music Online project
=985  \\$aRecord amended for WR# 13/070
=985  \\$aname title to add
=CAT  \\$aBATCH-DCW$b00$c20171203$lBLL01$h0857
=FIN  \\$aY$d20171203
=LKR  \\$aPAR$lBLL01$r776$b004263585$mDixneufieme livre de chansons à quatre & cinq parties /$nDixneufieme livre de chansons à quatre & cinq parties /
=DGM  \\$a004263585$bCatBridge variable field
=DRT  \\$aDCW
=SRC  \\$aDCW$bDCW_20171202
=OHC  \\$a1
=LAS  \\$aBATCH-DCW$b00$c20171203$lBLL01$h0857

