=LDR  06665 cm a22008657  4500
=001  018630800
=003  Uk
=005  20171203085731.0
=007  cr\mn\024mpada
=008  930310s1556\\\\be\||z\\s\\\\\\\\\\\fre\\
=FMT  \\$a  MU
=019  d\$acc08190073
=040  \\$aUk$beng$cUk
=041  \\$afre$glat
=042  \\$aukblsr
=082  14$a780$215
=130  0\$aChansons a cincq et six parties,$nlivre 1
=245  10$aPremier livre des chansons a cincq et six parties :$bnouellement composez et mises en musicque, conuenables tant aux instrumentz comme à la voix.
=264  \1$aImprime à Louain :$bpar Piere Phalese,$c1556.
=300  \\$a5 part books (1 v) ;$c16 x 22 cm (oblong 4º)
=336  \\$anotated music$2rdacontent
=337  \\$acomputer$2rdamedia
=338  \\$aonline$2rdacarrier
=340  \\$m4to$2rdabf
=500  \\$aA new edition of RISM B/I 1553 ²⁴.
=500  \\$aAll for five voices, except the last 8 which are in six parts. The Sexta Pars parts are printed in the Quinta Pars part book.
=500  \\$aAttribution for 'Laultrier mi cheminoie' missing from superius part book and attibution for 'Ie changeray quoy' missing from the Quinta Pars part book.
=500  \\$aCollection of chansons in five or six parts.
=500  \\$aCopy at K.3.a.16. Digitised score at http://purl.org/rism/BI/1556/13.$5Uk
=500  \\$aCopy at K.3.a.16. SVPERIVS (16 leaves); CONTRATENOR (16 leaves); TENOR (16 leaves); BASSVS (16 leaves); QVINTA PARS (21 leaves); Superius, Contratenor, Tenor, Bassus: [1] II-xvi Quinta Pars: [1] II-xxi; paper dimensions: 152 x 207 mm.$5Uk
=500  \\$aCover has a woodcut of Melpomene surrounded by the text: Comme L'escarboncle estant / en Or enclin Ainsi Musicque / est en conuiue de Vin Eccle. xxxij.
=500  \\$aTranscribed title page from superius part book: PREMIER LIVRE DES / CHANSONS A CINCQ ET SIX PARTIES / NOVELLEMENT COMPOSEZ ET MISES EN / Musicque, conuenables tant aux instrumentz / comme à la Voix. / SVPERIVS. / Imprime à Louain par Piere Phalese. / Lan M. D. LVI. / Auec Grace & Priuilege.
=500  \\$aWith printer's privilege in Latin in the superius part book only.
=500  \\$aWith table of contents in all except the superius part book.
=505  0\$aEsperant dauoir quelque bien / Clemens non Papa -- Ie men reuiens telle que ie viens (Response) / Chastelain -- Aymer est ma vie / Clemens non Papa -- Ie lay ayme & toujours laymeray (Response) / Hollandre -- Ton doulx accoeul & ta grande beaulte / Nicholaus Rogier -- O triste ennuye qui me tient en souffrance / Crequillon -- Or puisque enuye te tient en souffrance / Crequillon -- Si iay du mal maulgre moy ie le porte -- Chant Musical inuention diuine (Response) / Crespel -- Las non alleurs le trispe ceur demeure' / Clemens non Papa -- Damy parfaict le vray tiltre & d'honneur (Response) / Clemens non Papa -- Ie changeray quoy quil men doibt aduenir / Crecquillon (Superius, Tenor, index) or Ian loys (Contratenor, Bassus) -- Ie ne desire que la mort / Chastellain -- Cest mon amis que iayme leaulement (Response) / Chastellain -- Le bon espoir que iay de paruenir / Iosquin baston -- Or il ne mest possible / Clemens non Papa -- Vostre a iamais par heritage (Response) / Iosquin baston -- Laultrier mi cheminoie / Clemens non Papa -- Sur le toute fleur iaime lo marguerite / Crespel -- Ne demande plus perdonnance ne demande plus -- Oncques ne sceuz auoir si bone grace d'elle / Gheerken -- Cest a grant tort que moy pourete / Canis -- Adieu mon esperance adieu mon souuenir / Clemens non Papa -- Viure ne puis sur terre / Galli -- Le content est riche en ce monde / Crespel -- Forte fortune fors vng vouloir / Hollandre -- Damour me plains & non de vous mamye / Larcier -- Iay veu le cerf du bois saillir / Crespel -- Si seulle estois plaine de desconfort / Petit Ian -- Mais languiraige tousiours vray dieu / Vuaelrant.
=510  4\$aHenri Vanhulst, Catalogue des éditions de musique publiées à Louvain par Pierre Phalèse et ses fils 1545-1578 (Brussels: Palais des Académis, 1990),$cNo.37.
=510  4\$aJohn Milsom, 'The Nonsuch Music Library', in Chris Banks, Arthur Searle and Malcolm Turner (eds.), Sundry Sorts of Music Books: Essays on The British Library Collections, Presented to O. W. Neighbour on his 70th Birthday (London, 1993), 146-82,$cno. 27.
=510  4\$aRISM B/I,$c1556 ¹³
=546  \\$aFrench words.
=650  \0$aPolyphonic chansons$y16th century
=700  1\$aArundel, Henry Fitz Alan,$cEarl of,$d1512-1580,$eformer owner.$5Uk.
=700  1\$aBaston, Josquin,$dactive 1542-1563,$ecomposer.
=700  1\$aCanis, Cornelius,$dapproximately 1510-1561,$ecomposer.
=700  1\$aChastelain, Joannes,$ecomposer.
=700  1\$aClemens non Papa, Jacobus,$dapproximately 1510-approximately 1555,$ecomposer.
=700  1\$aCrecquillon, Thomas,$d-1557?,$ecomposer.
=700  1\$aCrespel, Jean,$dactive 16th century,$ecomposer.
=700  1\$aDe Latre, Petit Jean,$dapproximately 1510-1569,$ecomposer.
=700  1\$aGalli, Antonius,$d-1565,$ecomposer.
=700  1\$aHollander, Christian,$dapproximately 1510-1568 or 1569,$ecomposer.
=700  1\$aHondt, Gheerkin de,$dactive 1539-1547,$ecomposer.
=700  1\$aLarchier, Jean,$dactive 1544-1555,$ecomposer.
=700  1\$aLouys, Jean,$dapproximately 1530-1563,$ecomposer.
=700  1\$aLumley, John Lumley,$cBaron,$d1534?-1609,$eformer owner.$5Uk.
=700  1\$aPhalèse, Pierre,$dapproximately 1510-$eprinter.
=700  1\$aRogier, Nicolas,$ecomposer.
=700  1\$aWaelrant, Hubert,$d1516 or 1517-1595,$ecomposer.
=752  \\$aBelgium$dLouvain.$2lcsh/naf
=856  41$uhttp://purl.org/rism/BI/1556/13$yDigitised score
=859  \\$aXLD$bDCW
=852  4\$cDRT$jDigital Store K.3.a.16$aBritish Library$bMUSIC
=985  \\$aEarly Music Online project
=985  \\$aRecord amended for WR# 13/070
=985  \\$aname title to add
=985  \\$aCorrected by MS generated file for WR# 1805-0738
=CAT  \\$aBATCH-DCW$b00$c20171203$lBLL01$h0857
=CAT  \\$a1805-0738$c20190111$lBLL01$h1807
=CAT  \\$a1805-0738$b00$c20190111$lBLL01$h1828
=FIN  \\$aY$d20171203
=LKR  \\$aPAR$lBLL01$r776$b004263598$mPremier livre des chansons a cincq et six parties : nouellement composez et mises en musicque, conuenables tant aux instrumentz comme à la voix.$nPremier livre des chansons a cincq et six parties : nouellement composez et mises en musicque, conuenables tant aux instrumentz comme à la voix.
=DGM  \\$a004263598$bCatBridge variable field
=DRT  \\$aDCW
=SRC  \\$aDCW$bDCW_20171202
=OHC  \\$a1
=LAS  \\$a1805-0738$b00$c20190111$lBLL01$h1828

