=LDR  06747 cm a22008177  4500
=001  018630801
=003  Uk
=005  20171203085731.0
=007  cr\mn\024mpada
=008  930310s1558\\\\be\||z\\s\\\\\\\|\\\fre\\
=FMT  \\$a  MU
=019  d\$acc08190074
=040  \\$aUk$beng$cUk
=042  \\$aukblsr
=082  14$a780$215
=130  0\$aChansons a quatre parties,$nlivre 1
=245  10$aPremier livre des chansons a quatre parties :$bnouvellement composez et mises en musicque, convenables tant aux instrumentz comme a la voix.
=264  \1$aImprime à Lovain :$bpar Pierre Phalese,$cMDLVIII [1558]
=300  \\$a4 part books (1 v) ;$c16 x 22 cm (oblong 4º)
=336  \\$anotated music$2rdacontent
=337  \\$acomputer$2rdamedia
=338  \\$aonline$2rdacarrier
=340  \\$m4to$2rdabf
=500  \\$aCollection of chansons in four parts (SATB).
=500  \\$aCopy at K.3.a.14.(1.). Digitised score at http://purl.org/rism/BI/1558/10.$5Uk
=500  \\$aCopy at K.3.a.14.(1.). Superius (16 leaves), contratenor (16 leaves), tenor (16 leaves), bassus (16 leaves); original pagination: superius: [1-2] I-XXIII, XXII, XXV-XXX, contratenor: [1-2] I-XXII, XXIIII, XXIIII-XXVI, XII, XXVIII-XXX, tenor: [1-2] I-II [3] IIII-XXX, basssus: [1-2] I-XII, XIIII, XIIII-XXX; paper dimensions: 152 x 206 mm.$5Uk
=500  \\$aCover has a woodcut of Melpomene surrounded by the text: "Comme L'escarboncle estant / en Or enclin Ainsi Musicque / est en conuiue de Vin Eccle. xxxij."
=500  \\$aNew edition of RISM B/I, 1554 ²².
=500  \\$aTranscribed title page from superius part book: PREMIER LIVRE DES / CHANSONS A QVATRE PAR- / TIES NOVVELLEMENT COMPOSEZ ET MISES EN / Musicque, Conuenables tant aux instrumentz / comme ala Voix. / SVPERIVS. / Imprime à Louain par Pierre Phalese libraire iure. Lan M. D. LVIII. / Auec grace & Preuilege.
=500  \\$aWith a table of contents in each part book (except the superius).
=500  \\$a'Trias in monade' appears in the superius part book only (and not in the table of contents). It is an extract from the Agnus Dei of Josquin Desprez's mass Hercules dux Ferrariae, but without the text, and transposed.
=505  0\$aCesses mon yeul de la plus regarder / Rogier -- Cest a grand tort quo[n] dict que le penser / Crequillon -- Si nattempres ces yeulx ou mon ceur ard / Crequillon -- Misericorde au martir amoureulx / Clemens non papa -- Adieu lespoir ou mo[n] ceur aspiroit / Crequillon -- Humble & leal vers madame seray / Gallus -- Puis que voulez qu je vous laisse / Clemens non papa -- Pas autre nauray que sa seulle personne / Buys.
=505  0\$aTrias in monade ad sex vocum deductionem lodoci Pratansis: hic in epidiapent. ille in subdiatessa. / [Josquin, des Prez] -- Cessez mes yeulx de ta[n]t vous torme[n]ter / Crequillon -- Cessez mes yeulx la coustume debuoir (Headed in all partbooks: Response) / Jan loys -- Donnes secours ma doulce amye / Petit Jan de Latre -- Se salamandre en fla[m]me vit cest peu / Crequillon -- Sans vous ne puis et sans vous je ne veulx / Jacques Vaet -- Aussy bie[n] aux folz co[mm]e aux saiges / Vuaelrant -- Dung seul regard mort & toy ont puissance de mectre fin / Crecquillon -- Ung souvenir en fermete constante jamais de moy / Baston -- Si vous avez mal a la teste / Vuelrant -- Ung souvenir en fermete constante jamais de moy / Crecquillon -- Vivons vivons joyeusement, sans plus gra[n]d soulcy daulte chose / morel -- Fille qui prend facieulx mary / Crespel -- En attendant damour la jouyssance / Crequillon -- En attendant vous perdez vostre peine (Response) / Crequillon -- Garchon de villaige, qui se vouloit marier / Clemens non Papa -- Le patient & la patiente passion tousiours les tormente / Crequillon -- Quand me souvient de ma triste fortune / Crequillon -- Ung triste ceur, re[m]ply de fantasie (Response) / Crequillon -- Puis quai[n]si est que par ung faulx rapport / Clemens non papa -- Venes mes serfs & bacchus adorons / Clemens non papa -- Vivray je tousiours en telle paine / Petit Jan de Latre -- Sans plourer & gemir, vous diray mo[n] plaisir (Response) / Petit Jan de Latre --
=510  4\$aHenri Vanhulst, Catalogue des éditions de musique publiées à Louvain par Pierre Phalèse et ses fils 1545-1578 (Brussels: Palais des Académis, 1990),$cno. 55.
=510  4\$aJohn Milsom, 'The Nonsuch Music Library', in Chris Banks, Arthur Searle and Malcolm Turner (eds.), Sundry Sorts of Music Books: Essays on The British Library Collections, Presented to O. W. Neighbour on his 70th Birthday (London, 1993), 146-82,$cno. 27.
=510  4\$aRISM B/I,$c1558 ¹⁰
=546  \\$aFrench words.
=650  \0$aPolyphonic chansons.
=700  0\$aJosquin,$cdes Prez,$d-1521,$ecomposer.
=700  1\$aArundel, Henry Fitz Alan,$cEarl of,$d1512-1580,$eformer owner.$5Uk.
=700  1\$aBaston, Josquin,$dactive 1542-1563,$ecomposer.
=700  1\$aBuus, Giacques,$d-1565,$ecomposer.
=700  1\$aClemens non Papa, Jacobus,$dapproximately 1510-approximately 1555,$ecomposer.
=700  1\$aCrecquillon, Thomas,$d-1557?,$ecomposer.
=700  1\$aCrespel, Jean,$dactive 16th century,$ecomposer.
=700  1\$aDe Latre, Petit Jean,$dapproximately 1510-1569,$ecomposer.
=700  1\$aGallus, Joannes,$dactive 16th century,$ecomposer.
=700  1\$aLouys, Jean,$dapproximately 1530-1563,$ecomposer.
=700  1\$aLumley, John Lumley,$cBaron,$d1534?-1609,$eformer owner.$5Uk.
=700  1\$aMorel, Clément,$ecomposer.
=700  1\$aPathié, Rogier,$ecomposer.
=700  1\$aPhalèse, Pierre,$dapproximately 1510-$eprinter.
=700  1\$aVaet, Jacobus,$dapproximately 1529-1567,$ecomposer.
=700  1\$aWaelrant, Hubert,$d1516 or 1517-1595,$ecomposer.
=752  \\$aBelgium$dLouvain.$2lcsh/naf
=856  41$uhttp://purl.org/rism/BI/1558/10$yDigitised score
=859  \\$aXLD$bDCW
=852  4\$cDRT$jDigital Store K.3.a.14.(1.)$aBritish Library$bMUSIC
=985  \\$aRecord amended for WR# 13/070
=985  \\$aname title to add
=985  \\$aCorrected by MS generated file for WR# 1805-0738
=CAT  \\$aBATCH-DCW$b00$c20171203$lBLL01$h0857
=CAT  \\$a1805-0738$c20190111$lBLL01$h1807
=CAT  \\$a1805-0738$b00$c20190111$lBLL01$h1828
=FIN  \\$aY$d20171203
=LKR  \\$aPAR$lBLL01$r776$b004263599$mPremier livre des chansons a quatre parties : nouvellement composez et mises en musicque, convenables tant aux instrumentz comme a la voix.$nPremier livre des chansons a quatre parties : nouvellement composez et mises en musicque, convenables tant aux instrumentz comme a la voix.
=DGM  \\$a004263599$bCatBridge variable field
=DRT  \\$aDCW
=SRC  \\$aDCW$bDCW_20171202
=OHC  \\$a1
=LAS  \\$a1805-0738$b00$c20190111$lBLL01$h1828

