=LDR  06046 cm a22007697  4500
=001  018630802
=003  Uk
=005  20171203085731.0
=007  cr\mn\024mpada
=008  930310s1554\\\\be\||z\\s\\\\\\\|\\\fre\\
=FMT  \\$a  MU
=019  d\$acc08190075
=040  \\$aUk$beng$cUk
=042  \\$aukblsr
=082  14$a780$215
=130  0\$aChansons a quatre parties,$nlivre 3
=245  10$aTiers livre des chansons a quatre parties :$bnouvellement composez & mises en musicque convenables tant aux instrumentz comme a la voix.
=264  \1$aPierre Phalese :$bImprime à Louain,$cDMLIIII [1554]
=300  \\$a4 part books (1 v) ;$c18 x 24 cm (oblong 4º)
=336  \\$anotated music$2rdacontent
=337  \\$acomputer$2rdamedia
=338  \\$aonline$2rdacarrier
=340  \\$m4to$2rdabf
=500  \\$aCollection of chansons in four parts (SATB).
=500  \\$aCopy at K.3.a.15.(1.). Digitised score at http://purl.org/rism/BI/1554/24.$5Uk
=500  \\$aCopy at K.3.a.15.(1.). Superius (16 leaves), contratenor (16 leaves), tenor (16 leaves), bassus (16 leaves); original pagination: superius: [1-2] I-XIX, XXI-XXII, XXII-XXX, contratenor, tenor, bassus: [1-2] I-XXX; paper dimensions: 152 x 209 mm.$5Uk
=500  \\$aCover has a woodcut of Melpomene surrounded by the text: Comme L'escarboncle estant / en Or enclin Ainsi Musicque / est en conuiue de Vin Eccle. xxxij.
=500  \\$aNew edition of RISM B/I, 1552¹³ .
=500  \\$aTranscribed title page from superius part book: TIERS LIVRE DES / CHANSONS A QVATRE PARTIES / Nouuellement composez & mises en Musicque conue- / nables tant aux instrumentz comme a la Voix./ SVPERIVS / Imprime à Louain par Pierre Phalese libraire iure. Lan. D. M. LIIII. / Auecq grace & Priuilege.
=500  \\$aWith table of contents in all part books except the superius.
=505  0\$aDonnex secours ma doulce amye / Petit Ian -- Ia ne mourez mon chie amant (Headed: Response) / Petit Ian -- En espoir vis & crainte me tourmente / Claudin le ieune -- Soit bien ou mal contrainct / Cricquillon -- Las veille moy nommer doresnauant / Cricquillon -- Si par aymer, & souffrir nuyct & iour / Baston -- A vous se doibt porter honneur sans cesse / Crispel -- Tandis qua vous tout bon heur s'appareil (Headed: Response) / Crespel -- Or me traictes ainsi quil vous plaira / Cricquillon -- Ne pouldroit on par bon moien trouuer / Cricquillon -- Esueillez vous car pour l'heure / Caulerij -- Vous scauez bien ma dame souueraine / Ciprianus de Rore -- Changer ne puis, & aultre be desire / Lupi -- Sont elle pas bien mariees / [Anon] -- Ouurez moy lhuys he ia[n]neton mamie / Clemens iannequin -- Si tu te plains damour / Baston -- Dargent me plains, non damours ou damye / Baston -- Ceste belle petite bouche que tant a baisir ie desire / [Anon] -- Or puis quil est si noble damoiselle / Clemens non papa -- Si mon amour ne vous peult resiouyr (Headed: Response) / Clemens non papa -- Sans la changer constant parfaict seray / Baston -- Combien plusiers treffort font l'eur debuoir (Headed: Response) / Baston -- Fortune helas ie te doy bien mauldire / [Anon] -- Vng doulx regard vng parler amoureulx / Cricquillon -- A vous parler ie ne puis mon amy / Cricquillon -- Dame dhonneur viuies en esperance / Cricquillon -- Le feu qui m'ard, ne peult estre destainct / Claudin le ieune -- Puis quil conuient & sans nul contredict / Petrus Heylanus -- Contente toy, ie te requiers fortune / Vuaelrant -- Ie lay perdu en peu de temps / Petit Ian.
=510  4\$aHenri Vanhulst, Catalogue des éditions de musique publiées à Louvain par Pierre Phalèse et ses fils 1545-1578 (Brussels: Palais des Académis, 1990),$cno. 25.
=510  4\$aJohn Milsom, 'The Nonsuch Music Library', in Chris Banks, Arthur Searle and Malcolm Turner (eds.), Sundry Sorts of Music Books: Essays on The British Library Collections, Presented to O. W. Neighbour on his 70th Birthday (London, 1993), 146-82,$cno. 27.
=510  4\$aRISM B/I,$c1554 ²⁴
=546  \\$aFrench words.
=650  \0$aPolyphonic chansons.
=700  1\$aArundel, Henry Fitz Alan,$cEarl of,$d1512-1580,$eformer owner.$5Uk.
=700  1\$aBaston, Josquin,$dactive 1542-1563,$ecomposer.
=700  1\$aClemens non Papa, Jacobus,$dapproximately 1510-approximately 1555,$ecomposer.
=700  1\$aCrecquillon, Thomas,$d-1557?,$ecomposer.
=700  1\$aCrespel, Jean,$dactive 16th century,$ecomposer.
=700  1\$aDe Latre, Petit Jean,$dapproximately 1510-1569,$ecomposer.
=700  1\$aHailland, Petrus,$d-after 15 December 1571.$ecomposer.
=700  1\$aJanequin, Clément,$dapproximately 1495-approximately 1560,$ecomposer.
=700  1\$aLe Jeune, Claude,$d-1600,$ecomposer.
=700  1\$aLumley, John Lumley,$cBaron,$d1534?-1609,$eformer owner.$5Uk.
=700  1\$aLupi, Johannes,$d-1539,$ecomposer.
=700  1\$aPhalèse, Pierre,$dapproximately 1510-$eprinter.
=700  1\$aRore, Cipriano de,$d1515 or 1516-1565,$ecomposer.
=700  1\$aWaelrant, Hubert,$d1516 or 1517-1595,$ecomposer.
=752  \\$aBelgium$dLouvain.$2lcsh/naf
=856  41$uhttp://purl.org/rism/BI/1554/24$yDigitised score
=859  \\$aXLD$bDCW
=852  4\$cDRT$jDigital Store K.3.a.15.(1.)$aBritish Library$bMUSIC
=985  \\$aRecord amended for WR# 13/070
=985  \\$aname title to add
=985  \\$aCorrected by MS generated file for WR# 1805-0738
=CAT  \\$aBATCH-DCW$b00$c20171203$lBLL01$h0857
=CAT  \\$a1805-0738$c20190111$lBLL01$h1807
=CAT  \\$a1805-0738$b00$c20190111$lBLL01$h1828
=FIN  \\$aY$d20171203
=LKR  \\$aPAR$lBLL01$r776$b004263600$mTiers livre des chansons a quatre parties : nouvellement composez & mises en musicque convenables tant aux instrumentz comme a la voix.$nTiers livre des chansons a quatre parties : nouvellement composez & mises en musicque convenables tant aux instrumentz comme a la voix.
=DGM  \\$a004263600$bCatBridge variable field
=DRT  \\$aDCW
=SRC  \\$aDCW$bDCW_20171202
=OHC  \\$a1
=LAS  \\$a1805-0738$b00$c20190111$lBLL01$h1828

