=LDR  06025 cm a22007457  4500
=001  018630803
=003  Uk
=005  20171203085731.0
=007  cr\mn\024mpada
=008  930310s1543\\\\be\||z\\s\\\\\\\\\\\fre\\
=FMT  \\$a  MU
=019  d\$acc08190090
=040  \\$aUk$beng$cUk
=042  \\$aukblsr
=082  14$a780$215
=100  1\$aSusato, Tielman,$dactive 1529-1561,$ecomposer.
=240  10$aChansons,$mvoices (4),$nbook 1
=245  10$aPremier livre des cha[n]so[n]s a quatre parties :$bauquel so[n]t contenues trente et une nouvelles cha[n]so[n]s, convenable tant a la voix comme aux instrumentz.
=264  \1$aImprimees en Anvers :$bPar Tylman Susato,$cMXLIII [i.e. 1543]
=300  \\$a4 part books (1 v) ;$c16 x 21 cm (oblong 4º)
=336  \\$anotated music$2rdacontent
=337  \\$acomputer$2rdamedia
=338  \\$aonline$2rdacarrier
=340  \\$m4to$2rdabf
=500  \\$aCollection of chansons in four parts (SATB), with a table of contents in each part book.
=500  \\$aCopy at K.3.a.1. Digitised score at http://purl.org/rism/BI/1543/16.$5Uk
=500  \\$aCopy at K.3.a.1. Superius (13 leaves), Contra Tenor (16 leaves), Tenor (16 leaves), Bassus (16 leaves); original foliation: ii-iii, vi-xvi f. (Superius), [i], ii-xvi f. (Contra Tenor); [i], ii-xvi f. (Tenor), [i], ii-xvi f. (Bassus); paper dimensions: 150 x 200 mm.$5Uk
=500  \\$aTranscribed title page from contratenor part book: PREMIER LIVRE DES / Cha[n]so[n]s a quatre parties auquel so[n]t / CONTENVES TRENTE ET VNE NOV- / uelles Chanso[n]s. conuenables Tant a la Voix comme aux Instru- / MENTZ, IMPRIMEES EN ANVERS. PAR TYL- / man Susato. Imprimeur & Correcteur de Mu-/ sicque. demeura[n]t audict ANVERS / aupres de la Nouuelle Bource / en la Rue des Douze Mois. / CONTRA TENOR. / AVEC GRACE ET PRIVILEGE / de sa Maieste pour Troix Ans. / LAN M. XLIII. / Au mois de Noue[m]bre.
=505  0\$aAmour se veult auoir selon fortune / N. Gombert -- Pour parvenir bon pied / N. Gombert -- Si ton amour / Tylman Susato -- Dema[n]des vous qui me faict si ioyeulx / Thomas Crecquillon -- Si loial amour me peult secours donner / Io. Baston -- Prenez plaisir cueurs langoureulx / [Anon] -- Par vous seulle la mort m'assault / Cor. Canis -- Plus ne beuuray de vostre vin madame / Tylman Susato -- Par faulte dune ie suis seulle / Louuys pieton -- Des herb ais asses belle / Thomas Crequillon -- Langueur hellas peine angoisse & tristesse / Tylman Susato -- A iamais croy recouurer mon adresse / Iohannes Lupi -- Reuiens vers moy qui suis tant desolee / Io. Lupi -- [Responce] Plus reuenir ne puis vers toy madame / Io. Lupi -- O cueur ingrat o fraulde terrienne / De Rocourt -- Mort ma priue / Tho. Crecquillon -- Plaine dennuy de longue main attente / [Anon] -- Iamais ie neuz tant / Gombert -- Voyez le tort damour et de fortune / Thomas Crecquillon -- Damours me plains & no[n] de vous mamye / Mai. Rogier -- [Responce] Si tu te plains / Tylman Susato -- [Replicque] Darge[n]t me plains / Tylman Susato -- Ie me contente sans auoir ioyssance / Rocourt -- Ie prens en grey la dure mort / [Gérard de Turnhout] -- Si mon languir / Io. Baston -- Pour vng plaisir qui si peu dure / Thomas Crecquillon -- [Responce] Si de present peine iendure / Tylman Susato -- Pour estre ayme / Tylman Susato -- [Responce] Ne luy monstrant / Tylman Susato -- Vng gay bergier / Thomas Crecquillon -- On a mal dict de mon amy / Io. de Hollande.
=510  4\$aJohn Milsom, 'The Nonsuch Music Library', in Chris Banks, Arthur Searle and Malcolm Turner (eds.), Sundry Sorts of Music Books: Essays on The British Library Collections, Presented to O. W. Neighbour on his 70th Birthday (London, 1993), 146-82,$cno. 4.
=510  4\$aRISM B/I,$c1543 ¹⁶
=510  4\$aUte Meissner, Der Antwerpener Notendrucker Tylman Susato. Eine bibliographische Studie zur niederländischen Chansonpublikation in der esten Hälfte des 16. Jahrhunderts, Berliner Studien zur Musikwissenschaft. Bd. 11 (Berlin: Verlag Merseburger, 1967),$cvol. II, 21.
=546  \\$aFrench words.
=650  \0$aPolyphonic chansons.
=700  1\$aArundel, Henry Fitz Alan,$cEarl of,$d1512-1580,$eformer owner.$5Uk.
=700  1\$aBaston, Josquin,$dactive 1542-1563,$ecomposer.
=700  1\$aCanis, Cornelius,$dapproximately 1510-1561,$ecomposer.
=700  1\$aCrecquillon, Thomas,$d-1557?,$ecomposer.
=700  1\$aGombert, Nicolas,$dactive 16th century,$ecomposer.
=700  1\$aHollande, Jean de,$dactive 1538-1553,$ecomposer.
=700  1\$aLumley, John Lumley,$cBaron,$d1534?-1609,$eformer owner.$5Uk.
=700  1\$aLupi, Johannes,$d-1539,$ecomposer.
=700  1\$aPathie, Rogier,$ecomposer.
=700  1\$aPiéton, Loyset,$dactive c1530-45,$ecomposer.
=700  1\$aRocourt, Pierre de,$dactive 1540-1550,$ecomposer.
=700  1\$aSusato, Tielman,$dactive 1529-1561,$eprinter.
=700  1\$aTurnhout, Gérard de,$dapproximately 1520-1580,$ecomposer.
=752  \\$aBelgium$dAntwerp.$2lcsh/naf
=856  41$uhttp://purl.org/rism/BI/1543/16$yDigitised score
=859  \\$aXLD$bDCW
=852  4\$cDRT$jDigital Store K.3.a.1.$aBritish Library$bMUSIC
=985  \\$aEarly Music Online project
=985  \\$aRecord amended for WR# 13/070
=985  \\$aname title to add
=985  \\$aCorrected by MS generated file for WR# 1805-0738
=CAT  \\$aBATCH-DCW$b00$c20171203$lBLL01$h0857
=CAT  \\$a1805-0738$c20190111$lBLL01$h1807
=CAT  \\$a1805-0738$b00$c20190111$lBLL01$h1828
=FIN  \\$aY$d20171203
=LKR  \\$aPAR$lBLL01$r776$b004263615$mPremier livre des cha[n]so[n]s a quatre parties : auquel so[n]t contenues trente et une nouvelles cha[n]so[n]s, convenable tant a la voix comme aux instrumentz.$nPremier livre des cha[n]so[n]s a quatre parties : auquel so[n]t contenues trente et une nouvelles cha[n]so[n]s, convenable tant a la voix comme aux instrumentz.
=DGM  \\$a004263615$bCatBridge variable field
=DRT  \\$aDCW
=SRC  \\$aDCW$bDCW_20171202
=OHC  \\$a1
=LAS  \\$a1805-0738$b00$c20190111$lBLL01$h1828

