=LDR  05876 cm a22007217  4500
=001  018630804
=003  Uk
=005  20171203085731.0
=007  cr\mn\024mpada
=008  930310|1544\\\\be\||z\\s\\\\\\\|\\\fre\\
=FMT  \\$a  MU
=019  d\$acc08190091
=040  \\$aUk$beng$cUk
=042  \\$aukblsr
=082  14$a780$215
=100  1\$aSusato, Tielman,$dactive 1529-1561,$ecomposer,$eprinter.
=240  10$aChansons,$mvoices (4),$nbook 2
=245  13$aLe second livre des cha[n]so[n]s a quatre parties :$bauquel so[n]t contenues trente et une chamsons [sic], convenables tant a la voix comme aux instrumentz, correctement.
=264  \1$aImprimees en Anvers :$bPar Tylman Susato,$cMDXLIIII [1544]
=300  \\$a4 part books (1 v) ;$c16 x 21 cm (oblong 4º)
=336  \\$anotated music$2rdacontent
=337  \\$acomputer$2rdamedia
=338  \\$aonline$2rdacarrier
=340  \\$m4to$2rdabf
=500  \\$aCollection of chansons in four parts (SATB), with a table of contents in each part book.
=500  \\$aCopy at K.3.a.2. Digitised score at http://purl.org/rism/BI/1544/10.$5Uk
=500  \\$aCopy at K.3.a.2. Superius (16 leaves), Contra Tenor (16 leaves), Tenor (16 leaves), Bassus (16 leaves); original foliation: [i], ii-xvi f. in each part book; paper dimensions: 150 x 200 mm.$5Uk
=500  \\$aTranscribed title page from superius part book: LE SECOND LIVRE DES / Cha[n]so[n]s a Quatre Parties au quel so[n]t / CONTENVES TRENTE ET VNE CHAM- / sons, conuenables Tant a la uoix comme aux instrumentz, correcte- /MENT IMPRIMEES EN ANVERS, PAR TYLMAN SV-/sato Demeurant audict Anuers aupres de la Nouuelle Borse en / La Rue des Douze Moys / SVPERIVS. / AVEC GRACE ET PRIVILEGE / de Limperiale Maieste pour Trois Ans / LAN. M. D. XLIIII. / Au mois de Septembre.
=505  0\$aPour quoy m'est tu tant ennemie / Petrus Manchicourt -- Reposons nous entre nous amoureulx / Petrus Manchicourt -- En desirant que ie vous voye / Cornelius Canis -- Nostre vicaire vng iour de feste / Io. le Cocq -- Si le secours que de lo[n]gtemps iattens / Ni. Gombert -- Secoures moy madame / N. Gombert -- Si iauois l'heur d'obtenir allegeance / Cornelius Canis -- Ioyeulx vergier ou croist toutte plaisance / Ni. Gombert -- De mon malheur me puis bie[n] co[n]te[n]ter / Tylman Susato -- Doulce memoire en plaisir co[n]sommee / Sandryn -- [Responce] Fini le bien le mal soubdain commence / Sandryn -- Ce qui souloit en deux se departir / Sandryn -- A tout iamais dung vouloir immuable / Thomas Crecquillon -- Ie ne desire que la mort / Io. Gallus -- Loing de tes yeulx / Petrus Manchicourt -- A dieu celle qui t'ay serui / Petrus Manchicourt -- Puis que iay mis / Thomas Crecquillon -- Amour a faict ce qui ne peult defaire / Thomas Crecquillon -- Puis que fortune a sur moy entrepris / Io. Le Cocq -- En espoir vis & crainte me tourmente / Io. Le Cocq -- Dueil double dueil / Io. Lupi -- [Responce] Dueil & soucy me tienent en liesse / Io. Lupi -- Il estoit vne filette / Cornelius Canis -- Avecque vous mon amour finera / N. Payen -- Si tu voulois accorder / Io. Le Cocq -- Le triste cueur / Thomas Crecquillon -- Elle a mon cueur / Petrus Manchicourt -- Las me fault il tant de mal supporter / Io. Le Cocq -- [Responce] Si variable oncques / Io. Le Cocq -- Ma maistresse ma bonne amye / Tylman Susato -- Amour a tort de me tenir rigueur / Tylman Susato.
=510  4\$aJohn Milsom, 'The Nonsuch Music Library', in Chris Banks, Arthur Searle and Malcolm Turner (eds.), Sundry Sorts of Music Books: Essays on The British Library Collections, Presented to O. W. Neighbour on his 70th Birthday (London, 1993),$c146-82, no. 4.
=510  4\$aRISM B/I,$c1544 ¹⁰
=510  4\$aUte Meissner, Der Antwerpener Notendrucker Tylman Susato. Eine bibliographische Studie zur niederländischen Chansonpublikation in der esten Hälfte des 16. Jahrhunderts, Berliner Studien zur Musikwissenschaft. Bd. 11 (Berlin: Verlag Merseburger, 1967),$cvol. II, 27.
=546  \\$aFrench words.
=650  \0$aPolyphonic chansons.
=700  0\$aSandrin,$dactive 1538-1561,$ecomposer.
=700  1\$aArundel, Henry Fitz Alan,$cEarl of,$d1512-1580,$eformer owner.$5Uk.
=700  1\$aCanis, Cornelius,$dapproximately 1510-1561,$ecomposer.
=700  1\$aCerton, Pierre,$d-1572.$tcomposer.
=700  1\$aCrecquillon, Thomas,$d-1557?,$ecomposer.
=700  1\$aGallus, Joannes,$dactive 16th century,$ecomposer.
=700  1\$aGombert, Nicolas,$dactive 16th century,$ecomposer.
=700  1\$aLumley, John Lumley,$cBaron,$d1534?-1609,$eformer owner.$5Uk.
=700  1\$aLupi, Johannes,$d-1539,$ecomposer.
=700  1\$aManchicourt, Pierre de,$dapproximately 1510-1564,$ecomposer.
=700  1\$aPayen, Nicolas,$dapproximately 1512-approximately 1559,$ecomposer.
=752  \\$aBelgium$dAntwerp.$2lcsh/naf
=856  41$uhttp://purl.org/rism/BI/1544/10$yDigitised score
=859  \\$aXLD$bDCW
=852  4\$cDRT$jDigital Store K.3.a.2.$aBritish Library$bMUSIC
=985  \\$aEarly Music Online project
=985  \\$aRecord amended for WR# 13/070
=985  \\$aname title to add
=985  \\$aCorrected by MS generated file for WR# 1805-0738
=CAT  \\$aBATCH-DCW$b00$c20171203$lBLL01$h0857
=CAT  \\$a1805-0738$c20190111$lBLL01$h1807
=CAT  \\$a1805-0738$b00$c20190111$lBLL01$h1828
=FIN  \\$aY$d20171203
=LKR  \\$aPAR$lBLL01$r776$b004263616$mLe second livre des cha[n]so[n]s a quatre parties : auquel so[n]t contenues trente et une chamsons [sic], convenables tant a la voix comme aux instrumentz, correctement.$nLe second livre des cha[n]so[n]s a quatre parties : auquel so[n]t contenues trente et une chamsons [sic], convenables tant a la voix comme aux instrumentz, correctement.
=DGM  \\$a004263616$bCatBridge variable field
=DRT  \\$aDCW
=SRC  \\$aDCW$bDCW_20171202
=OHC  \\$a1
=LAS  \\$a1805-0738$b00$c20190111$lBLL01$h1828

