=LDR  05519 cm a22006497  4500
=001  018630805
=003  Uk
=005  20171203085731.0
=007  cr\mn\024mpada
=008  930310s1544\\\\be\||z\\s\\\\\\\\\\\fre\\
=FMT  \\$a  MU
=019  d\$acc08190092
=040  \\$aUk$beng$cUk
=042  \\$aukblsr
=082  14$a780$215
=100  1\$aSusato, Tielman,$dactive 1529-1561,$eprinter.
=240  10$aChansons,$mvoices (4),$nbook 3
=245  13$aLe tiers livre de cha[n]sons a quatre parties /$c(composees par Maistre Thomas Crecquillon Maistre de la chapelle de Lempereur) contenant xxxvii. chansons musicales & convenables tant a la voix comme aulx instrumentz.
=264  \1$aImprimes en Anvers :$bpar Tylman Susato,$c[1544]
=300  \\$a4 part books (1 v) ;$c16 x 21 cm (oblong 4º)
=336  \\$anotated music$2rdacontent
=337  \\$acomputer$2rdamedia
=338  \\$aonline$2rdacarrier
=340  \\$m4to$2rdabf
=500  \\$aCollection of chansons in four parts (SATB), with a table of contents on the title page of each part book.
=500  \\$aCopy at K.3.a.3. Digitised score at http://purl.org/rism/BI/1544/11.$5Uk
=500  \\$aCopy at K.3.a.3. Superius (16 leaves), Contra Tenor (16 leaves), Tenor (16 leaves), Bassus (16 leaves); original foliation: [i], ii-xvi f. in each part book; paper dimensions: 150 x 200 mm.$5Uk
=500  \\$aTranscribed title page from superius part book: Le Tiers Liure de Cha[n]sons a Quatre / PARTIES (COMPOSEES PAR MAISTRE THOMAS CRECQVILLON / Maistre de la chapelle de Lempereur) Contenant xxxvii. Chansons musicales & con-/uenables tant a la Voix comme aulx Instrumentz nouuellement Imprimes / en Anuers par Tylman Susato. / SVPERIVS.
=505  0\$aDung petit mot en deux / Thomas Crecquillon -- Si mon trauail / Tho. Crecquillon -- Si des haulx cieulx / Thomas Crecquillon -- Ton gentil corps en beaulte souueraine / Thomas Crecquillon -- Vous aues tort chaseun vous blasmera / Thomas Crecquillon -- Las il fauldra qu'ung estrangier la maine / Thomas Crecquillon -- Fortune hellas que te peult profiter Thomas Crecquillon / Puis que vous ayme Thomas Crecquillon -- Loingtain despoir banni de tout plaisir / Tho. Crecquillon -- Par tous moyens iay cherchie ton amour / Tho. Crecquillon -- Prestes moy lung de ces yeulx / Tho. Crecquillon -- Si la beaulte se perist / Tho. Crecquillon -- Si grand beaulte se perist en peu / Tho. Crecquillon -- Fortune helas tu feis mal ton debuoir / Tho. Crecquillon -- Voiant souffrir celle qui me tourmente / Tho. Crecquillon -- Grant heur seroit & grant prosperite / Thomas Crecquillon -- Rendes le moy mon cueur / Thomas Crecquillon -- Tant plus ie pense / Tho. Crecquillon -- Si paruenir ie puis a mon attente / Tho. Crecquillon -- Au monde nest plus grant solas / Tho. Crecquillon -- Prenez pitie du mal que iendure / Thomas Crecquillon -- Force sera si de brief / Thomas Crecquillon -- Dedens tournay ville iolie / Thomas Crecquillon -- Ie ne fais rie[n]s que plaindre / Thomas Crecquillon -- Puis que vertu en amour / Thomas Crecquillon --
=505  0\$aMon bon voloir & mon leal seruice / Thomas Crecquillon -- Quy veult du feu / Thomas Crecquillon -- Du cueur le don & le loyal amant / Tho. Crecquillon -- Tiens noz deux cueurs / Tho. Crecquillon -- Si mon seruice a merite / Thomas Crecquillon -- Las ie cognoys qu'il est trop veritable / Thomas Crecquillon -- Pour vostre amour & mon cueur supporter / Thomas Crecquillon -- Si aulcunement desires / Io. Le Cocq -- Souuent ie m'esbas / Thomas Crecquillon -- Amour le veult & mon espoir attent / Thomas Crecquillon -- Oncques amour ne fut sans grand langueur / Thomas Crecquillon -- Tant qu'en amours tu sera ma maistresse / Tho. Crecquillon.
=510  4\$aJohn Milsom, 'The Nonsuch Music Library', in Chris Banks, Arthur Searle and Malcolm Turner (eds.), Sundry Sorts of Music Books: Essays on The British Library Collections, Presented to O. W. Neighbour on his 70th Birthday (London, 1993),$c146-82, no. 4.
=510  4\$aRISM B/I,$c1544 ¹¹
=510  4\$aUte Meissner, Der Antwerpener Notendrucker Tylman Susato. Eine bibliographische Studie zur niederländischen Chansonpublikation in der esten Hälfte des 16. Jahrhunderts, Berliner Studien zur Musikwissenschaft. Bd. 11 (Berlin: Verlag Merseburger, 1967),$cvol. II, 29.
=546  \\$aFrench words.
=650  \0$aPolyphonic chansons.
=700  1\$aArundel, Henry Fitz Alan,$cEarl of,$d1512-1580,$eformer owner.$5Uk.
=700  1\$aCrecquillon, Thomas,$d-1557?,$ecomposer.
=700  1\$aGallus, Joannes,$dactive 16th century,$ecomposer.
=700  1\$aLumley, John Lumley,$cBaron,$d1534?-1609,$eformer owner.$5Uk.
=752  \\$aBelgium$dAntwerp.$2lcsh/naf
=856  41$uhttp://purl.org/rism/BI/1544/11$yDigitised score
=859  \\$aXLD$bDCW
=852  4\$cDRT$jDigital Store K.3.a.3.$aBritish Library$bMUSIC
=985  \\$aEarly Music Online project
=985  \\$aRecord amended for WR# 13/070
=985  \\$aname title to add
=985  \\$aCorrected by MS generated file for WR# 1805-0738
=CAT  \\$aBATCH-DCW$b00$c20171203$lBLL01$h0857
=CAT  \\$a1805-0738$c20190111$lBLL01$h1807
=CAT  \\$a1805-0738$b00$c20190111$lBLL01$h1828
=FIN  \\$aY$d20171203
=LKR  \\$aPAR$lBLL01$r776$b004263617$mLe tiers livre de cha[n]sons a quatre parties /$nLe tiers livre de cha[n]sons a quatre parties /
=DGM  \\$a004263617$bCatBridge variable field
=DRT  \\$aDCW
=SRC  \\$aDCW$bDCW_20171202
=OHC  \\$a1
=LAS  \\$a1805-0738$b00$c20190111$lBLL01$h1828

