=LDR  06444 cm a22007937  4500
=001  018630806
=003  Uk
=005  20171203085731.0
=007  cr\mn\024mpada
=008  930310s1544\\\\be\||z\\s\\\\\\\|\\\fre\\
=FMT  \\$a  MU
=019  d\$acc08190093
=040  \\$aUk$beng$cUk
=042  \\$aukblsr
=082  14$a780$215
=100  1\$aSusato, Tielman,$dactive 1529-1561,$eprinter,$ecomposer.
=240  10$aChansons,$mvoices (4),$nbook 4
=245  13$aLe quatriesme livre des chansons a quatre parties :$bau quel sont contenues trente & quatre chansons nouvelles convenables tant a la voix comme aux instrumentz.
=264  \1$aImprimees en Anvers :$bpar Tylman Susato,$cMDXLIIII [1544]
=300  \\$a4 part books (1 v) ;$c16 x 21 cm (oblong 4º)
=336  \\$anotated music$2rdacontent
=337  \\$acomputer$2rdamedia
=338  \\$aonline$2rdacarrier
=340  \\$m4to$2rdabf
=500  \\$aCollection of chansons in four parts (SATB), with a table of contents on the verso of the title page.
=500  \\$aCopy at K.3.a.4. Contra Tenor (16 leaves), Tenor (16 leaves), Bassus (16 leaves); original foliation: [i], ii-xvi f. in each part book; paper dimensions: 149 x 200 mm.
=500  \\$aCopy at K.3.a.4. Digitised score at http://purl.org/rism/BI/1544/12.$5Uk
=500  \\$aTranscribed title page from contratenor part book: LE QVATRIESME LIVRE / Des chansons a Quatre Parties au / QVEL SONT CONTENVES TRENTE / & quatre Chansons nouuelles Conuenables Tant a la Voix / comme aux Instrumentz, Correctement Imprimees en / Anuers par Tylman Susato demeurant au-/ dict Anuers aupres de la nouuel- / le Bourse en la Rue / de douze moys. / CONTRA TENOR. / AVEC GRACE ET PRIVILEGE / de Limperiale Maieste pour Trois Ans. / LAN M.D. XLIIII / Au mois D'octobre.
=505  0\$aCelluy a qui mon cueur / Ni. Gombert -- Helas pour quoy my fais tu tant languir / Petrus Lescornet -- Mal & sousey paine & douleur / Cornelius Canis -- Ie suis ayme de la plus belle / Cor. Canis -- Coingie m'auez donne & pour vous ie l'ay prins / Tylman Susato -- Iay eu coingie sans lavoir merite / Ni. Gombert -- Puis qu'ainsi est / Philippe de Vuildre -- Ce mois de may sur la rousee / Goddart -- Puis qu'ainsi est que continue mon malheur / Ni. Gombert -- Ie suis content que aultrement / Cor. Canis -- Ie ne suis pas de ces gens la / [Iohannes Courtois] -- Si par souffrir lon peult vaincre fortune / [Cornelius Carnis] -- Pour vne seulle que iayme tant / Ioannes Gallus -- Vng capitaine de pillars / An. Barbe -- Puis qu'elle a mis a deulx son amitie / Thomas Cricquillon -- Puis qu'ainsi est que continue mon malheur / Ni. Gombert -- Viure ne puis content sans ma maistresse / Pe. Certon. -- Helas amour du vient / Io. le Cocq -- Douleur & pleurs par trop vous me forces / Io. le Cocq -- Mon triste cueur plain de melancolye / Io. Baston -- Que puis ie lors qua[n]t mo[n] malhueur co[n]se[n]t / [Pe. de Manchicourt -- Pleusist a dieu qui crea tout le monde / Tylman Susato -- Le dur traueil ou mon cueur / Adrian Vuillart -- Long ta[m]ps mo[n] cueur languissoit en tristesse / Pe. de Manchicourt -- Iay si forte battaille / Tylman Susato -- Mectons a fin tous regretz & soucys / Gerardus -- Nauez point veu malassance / Tylman Susato -- En desirant ce que ne puis auoir / Thomas Cricquillo -- Si le partir me est dueil & grant douleur / Ni. Gombert -- Or suis ie prins / Ni. Gombert -- O combien est malheureux le desir / Glaudin -- Si franchement declaires vostre cueur / [Pe. de Manchicourt] -- Vng vi deux vi troix / Benedictus -- Mamie a eut de dieu le don que / Cor. Canis.
=510  4\$aJohn Milsom, 'The Nonsuch Music Library', in Chris Banks, Arthur Searle and Malcolm Turner (eds.), Sundry Sorts of Music Books: Essays on The British Library Collections, Presented to O. W. Neighbour on his 70th Birthday (London, 1993), 146-82,$cno. 4.
=510  4\$aRISM B/I,$c1544 ¹²
=510  4\$aUte Meissner, Der Antwerpener Notendrucker Tylman Susato. Eine bibliographische Studie zur niederländischen Chansonpublikation in der ersten Hälfte des 16. Jahrhunderts, Berliner Studien zur Musikwissenschaft. Bd. 11 (Berlin: Verlag Merseburger, 1967),$cvol. II, 31.
=546  \\$aWords in French.
=650  \0$aPolyphonic chansons.
=700  1\$aAppenzeller, Benedictus,$dactive 16th century,$ecomposer.
=700  1\$aArundel, Henry Fitz Alan,$cEarl of,$d1512-1580,$eformer owner.$5Uk.
=700  1\$aBarbe, Antoine,$d-1564,$ecomposer.
=700  1\$aBaston, Josquin,$dactive 1542-1563,$ecomposer.
=700  1\$aCanis, Cornelius,$dapproximately 1510-1561,$ecomposer.
=700  1\$aCerton, Pierre,$d-1572,$ecomposer.
=700  1\$aCourtois, Jean,$dactive 1530-1545,$ecomposer.
=700  1\$aCrecquillon, Thomas,$d-1557?,$ecomposer.
=700  1\$aGallus, Joannes,$dactive 16th century,$ecomposer.
=700  1\$aGombert, Nicolas,$dactive 16th century,$ecomposer.
=700  1\$aHyperius, Andreas,$d1511-1564,$ecomposer.
=700  1\$aLescornet, Pierre,$dactive 1526-1544,$ecomposer.
=700  1\$aLumley, John Lumley,$cBaron,$d1534?-1609,$eformer owner.$5Uk.
=700  1\$aManchicourt, Pierre de,$dapproximately 1510-1564,$ecomposer.
=700  1\$aSermisy, Claudin de,$dapproximately 1490-1562,$ecomposer.
=700  1\$aWilder, Philip van,$d-1553,$ecomposer.
=700  1\$aWillaert, Adrian,$d1490?-1562,$ecomposer.
=752  \\$aBelgium$dAntwerp.$2lcsh/naf
=856  41$uhttp://purl.org/rism/BI/1544/12$yDigitised score
=859  \\$aXLD$bDCW
=852  4\$cDRT$jDigital Store K.3.a.4.$aBritish Library$bMUSIC
=985  \\$aEarly Music Online project
=985  \\$aRecord amended for WR# 13/070
=985  \\$aname title to add
=985  \\$aCorrected by MS generated file for WR# 1805-0738
=CAT  \\$aBATCH-DCW$b00$c20171203$lBLL01$h0857
=CAT  \\$a1805-0738$c20190111$lBLL01$h1807
=CAT  \\$a1805-0738$b00$c20190111$lBLL01$h1828
=FIN  \\$aY$d20171203
=LKR  \\$aPAR$lBLL01$r776$b004263618$mLe quatriesme livre des chansons a quatre parties : au quel sont contenues trente & quatre chansons nouvelles convenables tant a la voix comme aux instrumentz.$nLe quatriesme livre des chansons a quatre parties : au quel sont contenues trente & quatre chansons nouvelles convenables tant a la voix comme aux instrumentz.
=DGM  \\$a004263618$bCatBridge variable field
=DRT  \\$aDCW
=SRC  \\$aDCW$bDCW_20171202
=OHC  \\$a1
=LAS  \\$a1805-0738$b00$c20190111$lBLL01$h1828

