=LDR  05421 cm a22007217  4500
=001  018630807
=003  Uk
=005  20171203085732.0
=007  cr\mn\024mpada
=008  930310s1544\\\\be\||z\\s\\\\\\\|\\\fre\\
=FMT  \\$a  MU
=019  d\$acc08190095
=040  \\$aUk$beng$cUk
=042  \\$aukblsr
=082  14$a780$215
=100  1\$aSusato, Tielman,$dactive 1529-1561,$ecomposer,$eprinter.
=240  10$aChansons,$mvoices (5-6),$nbook 5
=245  13$aLe cincquiesme livre contena[n]t trente & deux chansons a cincq et a six parties. /$cComposees par Maistre Nicolas Go[m]bert & aultres excellens autheurs Convenables & propices a jouer de tous Instrumentz.
=264  \1$aImprimes en Anvers :$bpar Tylma [n] Susato,$cMDXLIIII [1544]
=300  \\$a5 part books (1 v) ;$c16 x 21 cm (oblong 4º)
=336  \\$anotated music$2rdacontent
=337  \\$acomputer$2rdamedia
=338  \\$aonline$2rdacarrier
=340  \\$m4to$2rdabf
=500  \\$aCollection of chansons in 5 and 6 parts, with a table of contents on f. 1v.
=500  \\$aCopy at K.3.a.5. Digitised score at http://purl.org/rism/BI/1544/13.$5Uk
=500  \\$aCopy at K.3.a.5. Superius (16 leaves), Contratenor (16 leaves), Tenor (16 leaves), Bassus (16 leaves), Quinta Pars (16 leaves); original foliation: [i], ii-xvi f. in each part book; paper dimensions: 150 x 200 mm.$5Uk
=500  \\$aTranscribed title page from superius part book: LE CINCQVIESME LIVRE / Contena[n]t Trente & deux Chansons / A CINCQ ET A SIX PARTIES COMPOSEES / par Maistre Nicolas Go[m]bert & aultres excellens Autheurs / Conuenables & propices a iouer de tous Instrumentz, / Correcteme[n]t Imprimes en Anuers par Tylma[n] / Susato, Imprimeur & Correcteur de / Musicque. deumeura[n]t audict An- / uers aupres de la Nouuel-/le Bourse, en la Rue / de douze moys. / SVPERIVS. / AVEC GRACE ET PRIVILEGE / de L'imperiale Maieste pour Trois Ans. / LAN M. D. XLIIII / Au mois Decembre.
=505  0\$aSe dire ie losoye / Ni. Gombert -- Le bergier & la bergiere / Ni. Gombert -- Au ioly bois sur la verdure / Io. Lupi -- Paine me tourmente / [Jean Larchier] -- Pleust a dieu / Ni. Gombert -- A traueil suis / Ni. Gombert -- Triste depart m'auoit mis en douleur / Ni. Gombert -- Ayme qui vouldra le mieulx qui poura / Ni. Gombert - Nesse pas ung grant desplaisir / Iosquin de Pres -- Souffrir me conuient / Ni. Gombert -- Nesse pas chose dure / Ni. Gombert -- Ne vous chaille / Richafort -- Si par souffrir plusieurs maulx enuieulx / Cor. Canis -- Faulte dargent cest douleur non pareille / Adrian. Vuillart -- Qui a beau ne / Adrian. Vuillart -- Tous les regretz / Ni. Gombert -- Dueil double dueil / Io. Lupi -- Douleur me bat & tristesse ma folle / Adri. Vuillart -- Qva[n]t suis au prez de mamye / N. Gombert -- Faulte dargent cest la puce en loreille / Cornelius Canis -- Par faulte dargent / Io. Gallus -- De retourner mon amy ie te prie / Adri. Vuillart -- Ie prens en gre la dure mort / Io. Baston -- Reconfortez le petit cueur de moy / Cornelius Canis -- Ie ne scay pas / Ni. Gombert -- Ie ne me puis tenir / Benedictus -- Gens qui parlez mal de mamye / Cor. Canis -- Arousez voz violier / Benedictus -- Ta bonne grace & maintien gratieulx / Cor. Canis -- Verdure le bois / [Anon] -- Tous mes amis / Cor. Canis -- Ie ne scay pas / Benedictus.
=510  4\$aRISM B/I,$c1544 ¹³
=510  4\$aUte Meissner, Der Antwerpener Notendrucker Tylman Susato. Eine bibliographische Studie zur niederländischen Chansonpublikation in der esten Hälfte des 16. Jahrhunderts, Berliner Studien zur Musikwissenschaft. Bd. 11 (Berlin: Verlag Merseburger, 1967),$cvol. II, 32.
=546  \\$aFrench words.
=650  \0$aPolyphonic chansons.
=700  0\$aJosquin,$cdes Prez,$d-1521,$ecomposer.
=700  1\$aAppenzeller, Benedictus,$dactive 16th century,$ecomposer.
=700  1\$aArundel, Henry Fitz Alan,$cEarl of,$d1512-1580,$eformer owner.$5Uk.
=700  1\$aBaston, Josquin,$dactive 1542-1563,$ecomposer.
=700  1\$aCanis, Cornelius,$dapproximately 1510-1561,$ecomposer.
=700  1\$aGallus, Joannes,$dactive 16th century,$ecomposer.
=700  1\$aGombert, Nicolas,$dactive 16th century,$ecomposer.
=700  1\$aLarchier, Jean,$dactive 1544-1555,$ecomposer.
=700  1\$aLumley, John Lumley,$cBaron,$d1534?-1609,$eformer owner.$5Uk.
=700  1\$aLupi, Johannes,$d-1539,$ecomposer.
=700  1\$aRichafort, Jean,$dactive 1507-1548,$ecomposer.
=700  1\$aWillaert, Adrian,$d1490?-1562,$ecomposer.
=752  \\$aBelgium$dAntwerp.$2lcsh/naf
=856  41$uhttp://purl.org/rism/BI/1544/13$yDigitised score
=859  \\$aXLD$bDCW
=852  4\$cDRT$jDigital Store K.3.a.5.$aBritish Library$bMUSIC
=985  \\$aEarly Music Online project
=985  \\$aRecord amended for WR# 13/070
=985  \\$aname title to add
=985  \\$aCorrected by MS generated file for WR# 1805-0738
=CAT  \\$aBATCH-DCW$b00$c20171203$lBLL01$h0857
=CAT  \\$a1805-0738$c20190111$lBLL01$h1807
=CAT  \\$a1805-0738$b00$c20190111$lBLL01$h1828
=FIN  \\$aY$d20171203
=LKR  \\$aPAR$lBLL01$r776$b004263620$mLe cincquiesme livre contena[n]t trente & deux chansons a cincq et a six parties. /$nLe cincquiesme livre contena[n]t trente & deux chansons a cincq et a six parties. /
=DGM  \\$a004263620$bCatBridge variable field
=DRT  \\$aDCW
=SRC  \\$aDCW$bDCW_20171202
=OHC  \\$a1
=LAS  \\$a1805-0738$b00$c20190111$lBLL01$h1828

