=LDR  05921 cm a22007457  4500
=001  018630808
=003  Uk
=005  20171203085732.0
=007  cr\mn\024mpada
=008  930310s1545\\\\be\||z\\s\\\\\\\|\\\fre\\
=FMT  \\$a  MU
=019  d\$acc08190096
=040  \\$aUk$beng$cUk
=042  \\$aukblsr
=082  14$a780$215
=100  1\$aSusato, Tielman,$dactive 1529-1561,$ecomposer,$eprinter.
=240  10$aChansons,$mvoices (5-6),$nbook 6
=245  13$aLe sixiesme livre contenant trente & une chansons nouvelles a cincq et a six parties :$bconvenables & propices a jouer de tous instrumentz.
=264  \1$aImprimes en Anvers :$bpar Tylma [n] Susato,$cMDXLV [1545]
=300  \\$a5 part books (1 v) ;$c16 x 21 cm (oblong 4º)
=336  \\$anotated music$2rdacontent
=337  \\$acomputer$2rdamedia
=338  \\$aonline$2rdacarrier
=340  \\$m4to$2rdabf
=500  \\$aCollection of chansons in 5 and 6 parts, with a table of contents in each part book and a dedication on f. 1v of the Quinta et Sexta Part.
=500  \\$aCopy at K.3.a.6. Digitised score at http://purl.org/rism/BI/1545/14.$5Uk
=500  \\$aCopy at K.3.a.6. Superius (16 leaves), Contratenor (16 leaves), Tenor (16 leaves), Bassus (16 leaves), Cincquiesme et Sixiesme Partie (16 leaves); original foliation: [i], ii-xvi f. in each part book; paper dimensions: 150 x 200 mm.$5Uk
=500  \\$aTranscribed title page from superius part book: LE SIXIESME LIVRE CON= / tenant Trente & vne Chansons / NOVVELLES A CINCQ ET A SIX PAR- /ties, Conuenables & propices a iouer de tous Instrumentz, / Nouuelleme[n]t Imprimes en Anuers par Tylma[n] / Susato, Imprimeur & Correcteur de / Musicque. demeura[n]t audict An- / uers aupres de la Nouuel-/le Bourse, en la Rue / de douze moys. / SVPERIVS. / AVEC GRACE ET PRI- / uilege de L'imperiale Maieste / LAN M. D. XLV / Au mois Ianuier.
=505  0\$aIoyssance vous donneray / Adrian Vuillart -- Dame liesse de noble confidence / [Anon] -- Ie suis ayme de la plus belle / Tho. Cricquillon -- Ie uois plusieurs en acoutant / Larchier -- [Responce] Si ie la tiens / Larchier -- A la fontaine du pres Margot / Adrian Vuillart -- En attendant lespoir de ma maistresse / Ni. Gombert -- Allons gay gaieme[n]t ma migno[n]e / Pe. Manchicourt -- En douleur en tristesse / Noel Baulduuyn -- Sy des haulx cieulx / Io. le Cocq -- Mon cueur mo[n] corps, mon ame / Adr. Vuillart -- La rouse du moys de may / Io. Mouton - Paine' & trauail me font incessament / Benedictus -- Si par souffrir / Ien. le Cocq -- Se ie me plains / Benedictus -- Contre raison vous m'estes fort estrange vous / Tylman Susato -- Dueil & ennuy souci regretz & paine / Ien. le Cocq -- Tout iour leal a ma maistresse / Io. Courtois -- Ie pers espoir / Benedictus -- En ce gracieulx mois de may / Io Courtois -- Congie ie prens du lieu de ma naisance / [Anon] -- Mort ma priue par sa cruelle enuye / Tho. Cricquillon -- Oeil esgare mon cueur de toy / Tho. Cricquillon -- Belle donne moy vng regard / Tho. Cricquillon -- Le monde' est tel pour le present / Tho. Cricquillon -- Si me tenez tant de rigeur / Tho. Cricquillon -- Du bon du cueur ma chiere dame / Philippe de Vuildre -- Pleusist a dieu qui crea tout le monde / Benedictus -- Fors vous nentens iamais / Benedictus -- Pour vng plaisir qui si peu dure / Tylman Susato -- [Responce] Si de present peine iendure / Tylman Susato.
=510  4\$aJohn Milsom, 'The Nonsuch Music Library', in Chris Banks, Arthur Searle and Malcolm Turner (eds.), Sundry Sorts of Music Books: Essays on The British Library Collections, Presented to O. W. Neighbour on his 70th Birthday (London, 1993), 146-82,$cno. 4.
=510  4\$aRISM B/I,$c1545 ¹⁴
=510  4\$aUte Meissner, Der Antwerpener Notendrucker Tylman Susato. Eine bibliographische Studie zur niederländischen Chansonpublikation in der esten Hälfte des 16. Jahrhunderts, Berliner Studien zur Musikwissenschaft. Bd. 11 (Berlin: Verlag Merseburger, 1967),$cvol. II, 36.
=546  \\$aFrench words.
=650  \0$aPolyphonic chansons.
=700  1\$aAppenzeller, Benedictus,$dactive 16th century,$ecomposer.
=700  1\$aArundel, Henry Fitz Alan,$cEarl of,$d1512-1580,$eformer owner.$5Uk.
=700  1\$aBauldeweyn, Noel,$ecomposer.
=700  1\$aCourtois, Jean,$dactive 1530-1545,$ecomposer.
=700  1\$aCrecquillon, Thomas,$d-1557?,$ecomposer.
=700  1\$aGallus, Joannes,$dactive 16th century,$ecomposer.
=700  1\$aGombert, Nicolas,$dactive 16th century,$ecomposer.
=700  1\$aLarchier, Jean,$dactive 1544-1555,$ecomposer.
=700  1\$aLumley, John Lumley,$cBaron,$d1534?-1609,$eformer owner.$5Uk.
=700  1\$aManchicourt, Pierre de,$dapproximately 1510-1564,$ecomposer.
=700  1\$aMouton, Jean,$d-1522,$ecomposer.
=700  1\$aWilder, Philip van,$d-1553,$ecomposer.
=700  1\$aWillaert, Adrian,$d1490?-1562,$ecomposer.
=752  \\$aBelgium$dAntwerp.$2lcsh/naf
=856  41$uhttp://purl.org/rism/BI/1545/14$yDigitised score
=859  \\$aXLD$bDCW
=852  4\$cDRT$jDigital Store K.3.a.6.$aBritish Library$bMUSIC
=985  \\$aEarly Music Online project
=985  \\$aRecord amended for WR# 13/070
=985  \\$aname title to add
=985  \\$aCorrected by MS generated file for WR# 1805-0738
=CAT  \\$aBATCH-DCW$b00$c20171203$lBLL01$h0857
=CAT  \\$a1805-0738$c20190111$lBLL01$h1807
=CAT  \\$a1805-0738$b00$c20190111$lBLL01$h1828
=FIN  \\$aY$d20171203
=LKR  \\$aPAR$lBLL01$r776$b004263621$mLe sixiesme livre contenant trente & une chansons nouvelles a cincq et a six parties : convenables & propices a jouer de tous instrumentz.$nLe sixiesme livre contenant trente & une chansons nouvelles a cincq et a six parties : convenables & propices a jouer de tous instrumentz.
=DGM  \\$a004263621$bCatBridge variable field
=DRT  \\$aDCW
=SRC  \\$aDCW$bDCW_20171202
=OHC  \\$a1
=LAS  \\$a1805-0738$b00$c20190111$lBLL01$h1828

