=LDR  05861 cm a22006977  4500
=001  018630809
=003  Uk
=005  20171203085732.0
=007  cr\mn\024mpada
=008  930310s1545\\\\be\||z\\s\\\\\\\|\\\mul\\
=FMT  \\$a  MU
=019  d\$acc08190097
=040  \\$aUk$beng$cUk
=041  \\$afre$alat
=042  \\$aukblsr
=082  14$a780$215
=245  03$aLe septiesme livre contenant vingt & quatre chansons a cincq et a six parties /$ccomposez par feu de bonne memoire & tres excellent en musicque Josquin des pres, auecq troix epitaphes dudict Iosquin, composez par divers aucteurs.
=264  \1$aImprime en Anvers :$bpar Tylman Susato,$c[1545]
=300  \\$a5 part books (1 v) ;$c16 x 21 cm (oblong 4º)
=336  \\$anotated music$2rdacontent
=337  \\$acomputer$2rdamedia
=338  \\$aonline$2rdacarrier
=340  \\$m4to$2rdabf
=500  \\$aCollection of chansons in five and six parts except for two works which are in four and seven parts respectively.
=500  \\$aCopy at K.3.a.7. Digitised score at http://purl.org/rism/BI/1545/15.$5Uk
=500  \\$aCopy at K.3.a.7. Superius (16 leaves), Contratenor (16 leaves), Tenor (16 leaves), Bassus (16 leaves), Quinta & Sexta Pars (18 leaves); original foliation: [i], ii-xvi f. (Superius, Contratenor, Tenor and Bassus), [i], ii-xviii f. (Quinta & Sexta Pars); paper dimensions: 148 x 200 mm.$5Uk
=500  \\$aIncludes a table of contents on f. 1v. The tenor part book has the table of contents on the title page and on the verso a dedication to Lazarus Doucher.
=500  \\$aTranscribed title page from superius part book: LE SEPTIESME LIVRE / contenant Vingt & quatre chan:/ SONS A CINCQ ET A SIX PARTIES, / Composees par feu de bonne memoire & tresex-/ CELLENT EN MVSICQVE IOSQVIN / des pres, auecq troix Epitaphes dudict Iosquin, Com-/ POSEZ PAR DIVERS AVCTEVRS. / Nouuellement Imprime en Anuers lan de / Grace Mille Cincq Cent .xlv. / SVPERIVS. / Imprime En Anuers Par Tylman Susato. Imprimeur / & Correcteur de Musicque. Demeurant audict Anuers / auprez de la Nouuelle Bourse, En la Rue / des Douze Moys / Auecq Grace & Preuilege De Limpe-/ riale Maieste.
=505  0\$aCueur langoreulx qui ne fais que penser / Iosquin des Pres -- Vous ne laurez pas / Iosquin des Pres -- Parsons regretz & lamentable ioye / Iosquin des Pres -- Plaine de dueil & de melancolye / Iosquin des Pres -- Regretz sans fin [Residuum] Tout plaisirs do[n]cqs ie veulx haba[n]do[n]er / Iosquin des Pres -- Incessament liure suis a martire / Iosquin des Pres -- Plusieurs regretz qui sur la terre / Iosquin des Pres -- Nesse pas vng grant desplaisir / Iosquin de Pres -- Si vous nauez aultre desir / Io. Le brung -- En non saichant ce quil luy fault / Iosquin de Pres -- Pour souhaitter ie ne demande mieulx / Iosquin de Pres -- Ie me complains de mon amy / Iosquin de Pres -- Se congie prens de mes belles amours / Iosquin de Pres -- Tenez moy en voz bras / Iosquin de Pres -- Allegez moy / Iosquin de Pres -- Faulte dargent cest douleur non pareille / Iosquin de Pres -- Vous larez sil vous plaist madame / Iosquin de Pres -- Petite camusette / Iosquin de Pres -- Douleur me bat & tristesse ma folle / Iosquin de Pres -- Ma bouche rit & mon cueur pleure [Residuum] Ma bouche rit & mon cueur pleure / Iosquin de Pres -- Basies moy ma doulce amye / Iosquin de Pres -- Nymphes nappes / Iosquin de Pres -- Nymphes des bois deesses des fontaines / Iosquin de Pres -- Du mien amant le deppart m'est si grief / Iosquin de Pres -- O mors ineuitabilis / Ieronimum Vinders -- Musae iouis [Secunda Pars] Seuera mors / Benedictus -- Musae iouis / N. Gombert.
=510  4\$aJohn Milsom, 'The Nonsuch Music Library', in Chris Banks, Arthur Searle and Malcolm Turner (eds.), Sundry Sorts of Music Books: Essays on The British Library Collections, Presented to O. W. Neighbour on his 70th Birthday (London, 1993),$c146-82, no. 4.
=510  4\$aRISM B/I,$c1545 ¹⁵
=510  4\$aUte Meissner, Der Antwerpener Notendrucker Tylman Susato. Eine bibliographische Studie zur niederländischen Chansonpublikation in der ersten Hälfte des 16. Jahrhunderts, Berliner Studien zur Musikwissenschaft. Bd. 11 (Berlin: Verlag Merseburger, 1967),$cvol. II, 39.
=546  \\$aChansons predominantly in French with a small number in Latin.
=650  \0$aPolyphonic chansons.
=700  0\$aJosquin,$cdes Prez,$d-1521,$ecomposer.
=700  1\$aAppenzeller, Benedictus,$dactive 16th century,$ecomposer.
=700  1\$aArundel, Henry Fitz Alan,$cEarl of,$d1512-1580,$eformer owner.$5Uk.
=700  1\$aDoucher, Lazarus,$ededicatee.
=700  1\$aGombert, Nicolas,$dactive 16th century,$ecomposer.
=700  1\$aLe Brung, Jean,$dactive 16th century,$ecomposer.
=700  1\$aLumley, John Lumley,$cBaron,$d1534?-1609,$eformer owner.$5Uk.
=700  1\$aSusato, Tielman,$dactive 1529-1561,$eprinter.
=700  1\$aVinders, Jheronimus,$dactive 1510-1550,$ecomposer.
=752  \\$aBelgium$dAntwerp.$2lcsh/naf
=856  41$uhttp://purl.org/rism/BI/1545/15$yDigitised score
=859  \\$aXLD$bDCW
=852  4\$cDRT$jDigital Store K.3.a.7$aBritish Library$bMUSIC
=985  \\$aEarly Music Online project
=985  \\$aRecord amended for WR# 13/070
=985  \\$aname title to add
=985  \\$aCorrected by MS generated file for WR# 1805-0738
=CAT  \\$aBATCH-DCW$b00$c20171203$lBLL01$h0857
=CAT  \\$a1805-0738$c20190111$lBLL01$h1807
=CAT  \\$a1805-0738$b00$c20190111$lBLL01$h1828
=FIN  \\$aY$d20171203
=LKR  \\$aPAR$lBLL01$r776$b004263622$mLe septiesme livre contenant vingt & quatre chansons a cincq et a six parties /$nLe septiesme livre contenant vingt & quatre chansons a cincq et a six parties /
=DGM  \\$a004263622$bCatBridge variable field
=DRT  \\$aDCW
=SRC  \\$aDCW$bDCW_20171202
=OHC  \\$a1
=LAS  \\$a1805-0738$b00$c20190111$lBLL01$h1828

