=LDR  05783 cm a22006977  4500
=001  018630810
=003  Uk
=005  20171203085732.0
=007  cr\mn\024mpada
=008  930310s1545\\\\be\||z\\s\\\\\\\|\\\fre\\
=FMT  \\$a  MU
=019  d\$acc08190098
=040  \\$aUk$beng$cUk
=042  \\$aukblsr
=082  14$a780$215
=100  1\$aSusato, Tielman,$dactive 1529-1561,$eprinter.
=240  10$aChansons,$mvoices (4),$nbook 8
=245  13$aLe huitiesme livre des cha[n]sons a quatre parties :$bauquel sont contenues trente et deux chansons convenables tant a la voix comme aux Instrumentz.
=264  \1$aEn Anvers :$bpar Tylman Susato,$cMDXLV [1545]
=300  \\$a4 part books (1 v) ;$c16 x 21 cm (oblong 4º)
=336  \\$anotated music$2rdacontent
=337  \\$acomputer$2rdamedia
=338  \\$aonline$2rdacarrier
=340  \\$m4to$2rdabf
=500  \\$aCollection of chansons in 4 parts (SATB), with a table of contents on f. 1v.
=500  \\$aCopy at K.3.a.8. Digitised score at http://purl.org/rism/BI/1545/16.$5Uk
=500  \\$aCopy at K.3.a.8. Superius (16 leaves), Contratenor (16 leaves), Tenor (16 leaves), Bassus (16 leaves); original foliation:[i], ii-xvi f. in each part book; paper dimensions: 150 x 200 mm.$5Uk
=500  \\$aTranscribed title page from superius part book: LE HVITIESME LIVRE DES / Cha[n]sons a quatre parties auquel sont / CONTENVES TRENTE ET DEVX / Chansons Conuenables Tant a la Voix comme aux Instrumentz, / Correctement Imprimees en Anuers par Tylman Susa- / to, Imprimeur & Correcteur de Nusicque. / demeurant audict Anuers aupres de / la Nouuelle Bourse en / la Rue de douze moys. / SVPERIVS. / AVEC GRACE ET PRIVILEGE / de Limperiale Maieste pour Trois Ans. / LAN M. D. XLV / Au mois de May.
=505  0\$aAyez pitie de vostre amant / Damianus Hauericq -- Rire iouer on se peult par raison / [Anon] -- Iamais en ce monde naturay / [Anon] -- L'omme qui est en ce monde present / Clemens non Papa -- Mes bo[n]s peres / [Anon] -- [Responce] Tu dis marotte par tes raisons / [Anon] -- Quant ie suis ou les aultres sont / Cornelius Canis -- Mariez moy mon pere / Cornelius Canis -- Vng doulx ian vne vespree / [Anon] -- Le doulx baisir / Thomas Cricquillon -- Iuuons beau ieu / Clemens non Papa -- A demy mort par maladie / Clemens non Papa -- Le temps qui court / Io. Richafort -- Las si ie nay aultre secours d'une dame que iayme / Clemens non Papa -- Le temps qui court / Tho. Cricquillon -- Las ie cognois quil trop veritable / Tho. Cricquillon -- Ieune gallant qui denuieulx effort / Clemens non Papa -- Fors seulleme[n]t rigeur tourment / Io. Baston -- Dames d'honneurs / Tho. Cricquillon -- O doulx amour / Damianus Hauericq -- Si iay de moy tant voulu presumer / Cornelius Cants -- Cueur prisonnir ie le vous disois bien / Cornelius Canis -- Alix auoit aux dens / Tho. Cricquillon -- Reiouyssons nous a c'est heure / Ciprianus de Rore -- Frais & gaillard vng iour e[n]tre ce[n]t mille / Clemens non Papa -- Amour partez ie vous donne la chasse / Thomas Cricquillon -- [Responce] Au dieu damours ien quicye & rens les armes / Tho. Cricquillon -- Rossingnolet qui chantes au vert bois / Clemens non Papa -- Pour prese[n]ter a vous tousiours loyal / Clemens non Papa -- [Responce] Mon seul espoir le plaisir de ma vie / [Clemens non Papa -- Orsus a cop qu'on se resueille / Tho. Cricquillon -- Morir my fault cest chose clere / Clemens non Papa.
=510  4\$aJohn Milsom, 'The Nonsuch Music Library', in Chris Banks, Arthur Searle and Malcolm Turner (eds.), Sundry Sorts of Music Books: Essays on The British Library Collections, Presented to O. W. Neighbour on his 70th Birthday (London, 1993),$c146-82, no. 4.
=510  4\$aRISM B/I,$c1545 ¹⁶
=510  4\$aUte Meissner, Der Antwerpener Notendrucker Tylman Susato. Eine bibliographische Studie zur niederländischen Chansonpublikation in der esten Hälfte des 16. Jahrhunderts, Berliner Studien zur Musikwissenschaft. Bd. 11 (Berlin: Verlag Merseburger, 1967),$cvol. II, 43.
=546  \\$aFrench words.
=650  \0$aPolyphonic chansons.
=700  1\$aArundel, Henry Fitz Alan,$cEarl of,$d1512-1580,$eformer owner.$5Uk.
=700  1\$aBaston, Josquin,$dactive 1542-1563,$ecomposer.
=700  1\$aCanis, Cornelius,$dapproximately 1510-1561,$ecomposer.
=700  1\$aClemens non Papa, Jacobus,$dapproximately 1510-approximately 1555,$ecomposer.
=700  1\$aCrecquillon, Thomas,$d-1557?,$ecomposer.
=700  1\$aHavericq, Damien,$dactive 1538-1556,$ecomposer.
=700  1\$aLumley, John Lumley,$cBaron,$d1534?-1609,$eformer owner.$5Uk.
=700  1\$aRichafort, Jean,$dactive 1507-1548,$ecomposer.
=700  1\$aRore, Cipriano de,$d1515 or 1516-1565,$ecomposer.
=752  \\$aBelgium$dAntwerp.$2lcsh/naf
=856  41$uhttp://purl.org/rism/BI/1545/16$yDigitised score
=859  \\$aXLD$bDCW
=852  4\$cDRT$jDigital Store K.3.a.8.$aBritish Library$bMUSIC
=985  \\$aEarly Music Online project
=985  \\$aRecord amended for WR# 13/070
=985  \\$aname title to add
=985  \\$aCorrected by MS generated file for WR# 1805-0738
=CAT  \\$aBATCH-DCW$b00$c20171203$lBLL01$h0857
=CAT  \\$a1805-0738$c20190111$lBLL01$h1807
=CAT  \\$a1805-0738$b00$c20190111$lBLL01$h1828
=FIN  \\$aY$d20171203
=LKR  \\$aPAR$lBLL01$r776$b004263623$mLe huitiesme livre des cha[n]sons a quatre parties : auquel sont contenues trente et deux chansons convenables tant a la voix comme aux Instrumentz.$nLe huitiesme livre des cha[n]sons a quatre parties : auquel sont contenues trente et deux chansons convenables tant a la voix comme aux Instrumentz.
=DGM  \\$a004263623$bCatBridge variable field
=DRT  \\$aDCW
=SRC  \\$aDCW$bDCW_20171202
=OHC  \\$a1
=LAS  \\$a1805-0738$b00$c20190111$lBLL01$h1828

