=LDR  04068 cm a22006497  4500
=001  018630811
=003  Uk
=005  20171203085732.0
=007  cr\mn\024mpada
=008  930310s1545\\\\be\||z\\s\\\\\\\\\\\fre\\
=FMT  \\$a  MU
=019  d\$acc08190100
=040  \\$aUk$beng$cUk
=041  1\$afre$gfre
=042  \\$aukblsr
=082  14$a780$215
=100  1\$aSusato, Tielman,$dactive 1529-1561,$eprinter.
=240  10$aChansons,$mvoices (3-5),$nbook 10
=245  13$aLe dixiesme livre /$ccontenant la Bataille a quatre de Clement Iannequin, avecq la cinquiesme partie de Phili. Verdelot si placet, et deux chasses de Lievre a quatre parties, & le chant des oyseaux a troix.
=264  \1$aimprime en Anvers :$bpar Tylman Susato,$cMDXLV [1545]
=300  \\$a4 part books (1 v) ;$c16 x 21 cm (oblong 4º)
=336  \\$anotated music$2rdacontent
=337  \\$acomputer$2rdamedia
=338  \\$aonline$2rdacarrier
=340  \\$m4to$2rdabf
=500  \\$aCollection of chansons in 4 parts (SATB), with a dedication on f. 14v of the tenor part book.
=500  \\$aCopy at K.3.a.10. Digitised score at http://purl.org/rism/BI/1545/17.$5Uk
=500  \\$aCopy at K.3.a.10. Superius (12 leaves), Contratenor (12 leaves), Tenor (14 leaves), Bassus (12 leaves); original foliation: [i], ii-xii f. (Superius), [i], ii-xii f. (Contratenor), [i], ii-xiiii f. (Tenor), [i], ii-xii f. (Bassus); paper dimensions: 150 x 200 mm.$5Uk
=500  \\$aTranscribed title page from bassus part book: LE DIXIESME LIVRE CON= / tenant la Bataille a Quatre de Cle= / MENT IANNEQVIN, AVECQ LA CIN- / quiesme partie de Phili. Verdelot Si placet, Et deux / Chasses de Lieure a quatre parties, & le Chant des oyseaux a troix, / Nouuelleme[n]t Imprime en ANVERS par Tylman Susato / Imprimeur de Musicque Lan. M.D.XLV. au mois / D'aoust. / La Table du contenu en ce present Liure. / La bataille a 4. ou a 5. Fo. ii Cle. Iannequin / Le Cha[n]t des oyseaux a 3. Fo. v Ni.Gombert. / La Chasse du Lieure a 4. Fo. vii Incognito authori / La Chasse du Lieure a 4. Fo x. Nico. Gombert. / BASSVS. / AVECQ GRACE ET PREVILEGE.
=505  0\$aLa battaille / Clemens Iannecquin -- Les Chant des oyesaux / Ni. Gombert -- La Chasse du Lieure / Incognito authori -- La Chasse du Lieure / Nico. Gombert.
=510  4\$aJohn Milsom, 'The Nonsuch Music Library', in Chris Banks, Arthur Searle and Malcolm Turner (eds.), Sundry Sorts of Music Books: Essays on The British Library Collections, Presented to O. W. Neighbour on his 70th Birthday (London, 1993), 146-82,$cno. 4.
=510  4\$aRISM B/I,$c1545 ¹⁷
=510  4\$aUte Meissner, Der Antwerpener Notendrucker Tylman Susato. Eine bibliographische Studie zur niederländischen Chansonpublikation in der esten Hälfte des 16. Jahrhunderts, Berliner Studien zur Musikwissenschaft. Bd. 11 (Berlin: Verlag Merseburger, 1967),$cvol. II, 47.
=546  \\$aFrench words.
=650  \0$aPolyphonic chansons.
=700  1\$aArundel, Henry Fitz Alan,$cEarl of,$d1512-1580,$eformer owner.$5Uk.
=700  1\$aGombert, Nicolas,$dactive 16th century,$ecomposer.
=700  1\$aJanequin, Clément,$dapproximately 1495-approximately 1560,$ecomposer.
=700  1\$aLumley, John Lumley,$cBaron,$d1534?-1609,$eformer owner.$5Uk.
=752  \\$aBelgium$dAntwerp.$2lcsh/naf
=856  41$uhttp://purl.org/rism/BI/1545/17$yDigitised score
=859  \\$aXLD$bDCW
=852  4\$cDRT$jDigital Store K.3.a.10.$aBritish Library$bMUSIC
=985  \\$aEarly Music Online project
=985  \\$aRecord amended for WR# 13/070
=985  \\$aname title to add
=985  \\$aCorrected by MS generated file for WR# 1805-0738
=CAT  \\$aBATCH-DCW$b00$c20171203$lBLL01$h0857
=CAT  \\$a1805-0738$c20190111$lBLL01$h1807
=CAT  \\$a1805-0738$b00$c20190111$lBLL01$h1828
=FIN  \\$aY$d20171203
=LKR  \\$aPAR$lBLL01$r776$b004263625$mLe dixiesme livre /$nLe dixiesme livre /
=DGM  \\$a004263625$bCatBridge variable field
=DRT  \\$aDCW
=SRC  \\$aDCW$bDCW_20171202
=OHC  \\$a1
=LAS  \\$a1805-0738$b00$c20190111$lBLL01$h1828

