=LDR  06335 cm a22007217  4500
=001  018630812
=003  Uk
=005  20171203085732.0
=007  cr\mn\024mpada
=008  930310s1549\\\\be\||z\\s\\\\\\\|\\\fre\\
=FMT  \\$a  MU
=019  d\$acc08190101
=040  \\$aUk$beng$cUk
=042  \\$aukblsr
=082  14$a780$215
=100  1\$aSusato, Tielman,$dactive 1529-1561,$ecomposer,$eprinter.
=240  10$aChansons,$mvoices (4),$nbook 11
=245  12$aL'Unzieseme livre contenant vingt & neuf cha[n]sons amoureuses a quatre parties :$bpropices a tous instrumentz musicaulx, avec deux prieres ou oraisons qui se peuvent chanter devant & apres le Repas /$cNouvelleme[n]t co[m]posees (la plus part) par Maistre Thomas Crecquillon & Maistre Ia. Cleme[n]s no[n] papa & par aultres bo[n]s Musicie[n]s.
=264  \1$aImprime en Anvers :$bpar Thielma [n] Susato,$cMCCCCCXLIX [1549]
=300  \\$a4 part books ;$c16 x 21 cm (oblong 4º)
=336  \\$anotated music$2rdacontent
=337  \\$acomputer$2rdamedia
=338  \\$aonline$2rdacarrier
=340  \\$m4to$2rdabf
=500  \\$aCollection of chansons in 4 parts (SATB), with a table of contents on f. 1v.
=500  \\$aCopy at K.3.a.11. Digitised score at http://purl.org/rism/BI/1549/29.$5Uk
=500  \\$aCopy at K.3.a.11. Superius (16 leaves), Contratenor (16 leaves), Tenor (16 leaves), Bassus (16 leaves); original foliation: [i], ii-xvi f. for each part book; paper dimensions: 150 x 200 mm.$5Uk
=500  \\$aTranscribed title page from superius part book: L'VNZIESME LIVRE / Contenant Vingt & neuf Cha[n]= / SONS AMOVREVSES A QVATRE / Parties. propices a tous Instrumentz Musicaulx, auec deux / Prieres ou oraisons qui se peuuent Chanter deuant & / apres le Repas. Nouuelleme[n]t Co[m]posees (la plus / part) par Maistre Thomas Crecquillon / & Maistre Ia. Cleme[n]s no[n] papa. & / par aultres bo[n]s Musicie[n]s. Nou-/ uelleme[n]t Imprime en Anuers / par Thielma[n] Susato Im-/ primeur de Musicque. / SVPERIVS. / AVEC GRACE ET PRIVILEGE. / LAN. M. CCCCC. XLIX. / Au mois de Octobre.
=505  0\$aO souuerain pasteur & maistre / Tylman Susato -- Oncques amour ne fut sans grant langueur / Iacobus Clemens no[n] Papa -- [Responce] Puis que malheur me tie[n]t rigueur / Clemens non Papa -- En me oyant chanter quelque fois / [Anon] -- Contentement co[m]bien que soit grant chose / Thomas Crecquillon -- Larbre d'amour ung fruict d'emaritude / Io. Castileti -- La la la la la maistre piere / Iacobus Clemens no[n] Papa -- Ie layme bien & laymeray / Iohannes Castileti -- Pour vne las iendure / Clemens non Papa -- Cueur langoreux / Ia. Clemens non Papa -- Cest gra[n]t tort quo[n] dict que le pe[n]ser / Io. Baston -- [Responce] En tous esbas dung cueur fort ententif / Chrispel -- La gra[n]t doulceur de ta bon[n]e nature / Tylman Susato -- Incessament suis triste & doloreux / Ia. Clemens non Papa -- Plaisir nay plus mais plus / Christianus de Hollandre -- Plaindre ny vault ny moy desco[n]forter / Rocourt -- Mille regretz / [Josquin, des Prés] -- [Responce] Le mie[n]s aussi brief verras decliner / Tylman Susato -- Maulgre moy vis & en viuant ie meurs / Tylman Susato -- Touttes les nuictz que sans vous ie me couche / Tho. Crecquillon -- [Responce] Qu'est il besoing / Tho. Crecquillon -- [Replicque] Tel est le tamps il sen fault contenter / Tho. Crecquillon -- Si pour aymer & desirer / Thomas Crecquillon -- Entre vous fille / Iacobus Clemens no[n] Papa -- Par trop souffrir / Thomas Crecquillon -- Petite fleur coincte & iolye / Tho. Crecquillon -- Ioyeseme[n]t sa[n]s nulz faulx tour / Io. Castileti -- Content ou non il fault que ie lendure / Morel -- Ie suis amoureux d'une fille / Iohannes Castileti -- Mais la[n]guiray ie / Ia. Clemens non Papa -- Pere eternel qui nous ordonnes / Tylman Susato.
=510  4\$aJohn Milsom, 'The Nonsuch Music Library', in Chris Banks, Arthur Searle and Malcolm Turner (eds.), Sundry Sorts of Music Books: Essays on The British Library Collections, Presented to O. W. Neighbour on his 70th Birthday (London, 1993), 146-82,$cno. 4.
=510  4\$aRISM B/I,$c1549 ²⁹
=510  4\$aUte Meissner, Der Antwerpener Notendrucker Tylman Susato. Eine bibliographische Studie zur niederländischen Chansonpublikation in der esten Hälfte des 16. Jahrhunderts, Berliner Studien zur Musikwissenschaft. Bd. 11 (Berlin: Verlag Merseburger, 1967),$cvol. II, 63.
=546  \\$aFrench words.
=650  \0$aPolyphonic chansons.
=700  1\$aArundel, Henry Fitz Alan,$cEarl of,$d1512-1580,$eformer owner.$5Uk.
=700  1\$aBaston, Josquin,$dactive 1542-1563,$ecomposer.
=700  1\$aChrispel,$ecomposer.
=700  1\$aClemens non Papa, Jacobus,$dapproximately 1510-approximately 1555,$ecomposer.
=700  1\$aCrecquillon, Thomas,$d-1557?,$ecomposer.
=700  1\$aGuyot, Jean,$d-1588,$ecomposer.
=700  1\$aHollander, Christian,$dapproximately 1510-1568 or 1569,$ecomposer.
=700  1\$aLumley, John Lumley,$cBaron,$d1534?-1609,$eformer owner.$5Uk.
=700  1\$aMorel, Clément,$ecomposer.
=700  1\$aRocourt, Pierre de,$dactive 1540-1550,$ecomposer.
=752  \\$aBelgium$dAntwerp.$2lcsh/naf
=856  41$uhttp://purl.org/rism/BI/1549/29$yDigitised score
=859  \\$aXLD$bDCW
=852  4\$cDRT$jDigital Store K.3.a.11.$aBritish Library$bMUSIC
=985  \\$aEarly Music Online project
=985  \\$aRecord amended for WR# 13/070
=985  \\$aname title to add
=985  \\$aCorrected by MS generated file for WR# 1805-0738
=CAT  \\$aBATCH-DCW$b00$c20171203$lBLL01$h0857
=CAT  \\$a1805-0738$c20190111$lBLL01$h1807
=CAT  \\$a1805-0738$b00$c20190111$lBLL01$h1828
=CAT  \\$aBATCH-UPD$b00$c20190818$lBLL01$h2055
=FIN  \\$aY$d20171203
=LKR  \\$aPAR$lBLL01$r776$b004263626$mL'Unzieseme livre contenant vingt & neuf cha[n]sons amoureuses a quatre parties : propices a tous instrumentz musicaulx, avec deux prieres ou oraisons qui se peuvent chanter devant & apres le Repas /$nL'Unzieseme livre contenant vingt & neuf cha[n]sons amoureuses a quatre parties : propices a tous instrumentz musicaulx, avec deux prieres ou oraisons qui se peuvent chanter devant & apres le Repas /
=DGM  \\$a004263626$bCatBridge variable field
=DRT  \\$aDCW
=SRC  \\$aDCW$bDCW_20171202
=OHC  \\$a1
=LAS  \\$aBATCH-UPD$b00$c20190818$lBLL01$h2055

