=LDR  05559 cm a22007577  4500
=001  018630813
=003  Uk
=005  20171203085732.0
=007  cr\mn\024mpada
=008  930310s1550\\\\be\||z\\s\\\\\\\|\\\fre\\
=FMT  \\$a  MU
=019  d\$acc08190102
=040  \\$aUk$beng$cUk
=041  1\$afre$gfre
=042  \\$aukblsr
=082  14$a780$215
=100  1\$aSusato, Tielman,$dactive 1529-1561,$eprinter.
=245  13$aLe Douziesme livre contena[n]t trente Cha[n]so[n]s amoureuses a cincq parties :$bpropices a tous Instrume[n]tz musicaulx nouvelleme[n]t /$ccomposees par divers autheurs.
=264  \1$aImprime en Anvers :$bpar Thielman Susato,$cMCCCCCL [1550]
=300  \\$a5 part books (1 v) ;$c16 x 21 cm (oblong 4º)
=336  \\$anotated music$2rdacontent
=337  \\$acomputer$2rdamedia
=338  \\$aonline$2rdacarrier
=340  \\$m4to$2rdabf
=500  \\$aCollection of chansons in 5 parts, with a table of contents on f. 1v of each part book except for the tenor which contains a dedication in French.
=500  \\$aCopy at K.3.a.12. Digitised score at http://purl.org/rism/BI/1550/13.$5Uk
=500  \\$aCopy at K.3.a.12. Superius (16 leaves), Contratenor (16 leaves), Tenor (16 leaves), Bassus (16 leaves), Quinta pars (16 leaves); original foliaton: [i], ii-xvi f. in each part book; paper dimensions: 150 x 200 mm.$5Uk
=500  \\$aTranscribed title page from superius part book: LE DOVZIESME LIVRE / Contena[n]t Trente Cha[n]so[n]s amou= / REVSES A CINCQ PARTIES. PRO- / pices a tous Instrune[n]tz Musicaulx Nouuelleme[n]t Compo- / sees Par diuers autheurs Imprime en Anuers / par Thielman Susato Imprimeur / de Musicque. / SVPERIVS. / AVEC GRACE ET PRIVILEGE. / LAN. M. CCCCC. L.
=505  0\$aLa belle magaritte / Iacobus Cleme[n]s non Papa -- A qui me doib ie retirer / Clemens non Papa -- Tant ay souffert pour parvenir / Iaques le Roy -- Ie suis trop ionette pour auoir amy / N. Gombert -- Pour la dame / Io. Gallus -- Si uous nauez / Insertus author -- A Dieu dame du tamps passe / Insertus author -- Pour soustenir croy que facillement / Io. de Hollande -- Si par trop boire / Clemens non Papa -- La non aillieurs le triste cueur demeure / Clemens non Papa -- [Responce] Damy parfaict le uray tiltre & honneur / Clemens non Papa -- Pour quelque paine que iendure / Eustatius Barbion -- Cerchant plaisir ie meur du mal / Hanache -- Vng souuenir me conforte & contente / Io. Baston -- Tousiours souffrir / N. Gombert -- Regret ennuy traueil & desplaisance / N. Gombert -- Trop endurer sans auoir allegeance / Nicolas Gombert -- O malheureuse iournee / N. Gombert -- Trop endurer ce m'est paine trop dure / Cor. Canis -- Dieu me fault il tant de mal supporter / N. Gombert -- Cest en amour une peine trop dure / Thomas Crecquillon -- Las ie languis / Clemens non Papa -- En languissant ie consu[m]me mes iours / Tho. Crecquillon -- Plorer gemir / Clemens non Papa -- En languissant / Insertus author -- Sans leuer le pied / Clemens non Papa -- Adieu celle que iay seruy / Eustatius Barbion -- Ce fut amour / Tho. Crecquillon -- A Dieu celle que iay seruy / Gerardus -- Amys souffrez / N. Gombert.
=510  4\$aRISM B/I,$c1550 ¹³
=510  4\$aUte Meissner, Der Antwerpener Notendrucker Tylman Susato. Eine bibliographische Studie zur niederländischen Chansonpublikation in der esten Hälfte des 16. Jahrhunderts, Berliner Studien zur Musikwissenschaft. Bd. 11 (Berlin: Verlag Merseburger, 1967),$cvol. II, 65.
=546  \\$aFrench words.
=650  \0$aPolyphonic chansons.
=700  1\$aArundel, Henry Fitz Alan,$cEarl of,$d1512-1580,$eformer owner.$5Uk.
=700  1\$aBarbion, Eustachius,$d-1556,$ecomposer.
=700  1\$aBaston, Josquin,$dactive 1542-1563,$ecomposer.
=700  1\$aCanis, Cornelius,$dapproximately 1510-1561,$ecomposer.
=700  1\$aClemens non Papa, Jacobus,$dapproximately 1510-approximately 1555,$ecomposer.
=700  1\$aCrecquillon, Thomas,$d-1557?,$ecomposer.
=700  1\$aGallus, Joannes,$dactive 16th century,$ecomposer.
=700  1\$aGerarde, Derrick,$dactive 1540-1580,$ecomposer.
=700  1\$aGombert, Nicolas,$dactive 16th century,$ecomposer.
=700  1\$aHanache,$dactive 1550,$ecomposer.
=700  1\$aHollande, Jean de,$dactive 1538-1553,$ecomposer.
=700  1\$aHyperius, Andreas,$d1511-1564,$ecomposer.
=700  1\$aLe Roy, Jacques,$dactive 1550-1556,$ecomposer.
=700  1\$aLumley, John Lumley,$cBaron,$d1534?-1609,$eformer owner.$5Uk.
=700  1\$aNygri, Philippe,$ededicatee.
=752  \\$aBelgium$dAntwerp.$2lcsh/naf
=856  41$uhttp://purl.org/rism/BI/1550/13$yDigitised score
=859  \\$aXLD$bDCW
=852  4\$cDRT$jDigital Store K.3.a.12.$aBritish Library$bMUSIC
=985  \\$aEarly Music Online project
=985  \\$aRecord amended for WR# 13/070
=985  \\$aname title to add
=985  \\$aCorrected by MS generated file for WR# 1805-0738
=CAT  \\$aBATCH-DCW$b00$c20171203$lBLL01$h0857
=CAT  \\$a1805-0738$c20190111$lBLL01$h1807
=CAT  \\$a1805-0738$b00$c20190111$lBLL01$h1828
=FIN  \\$aY$d20171203
=LKR  \\$aPAR$lBLL01$r776$b004263627$mLe Douziesme livre contena[n]t trente Cha[n]so[n]s amoureuses a cincq parties : propices a tous Instrume[n]tz musicaulx nouvelleme[n]t /$nLe Douziesme livre contena[n]t trente Cha[n]so[n]s amoureuses a cincq parties : propices a tous Instrume[n]tz musicaulx nouvelleme[n]t /
=DGM  \\$a004263627$bCatBridge variable field
=DRT  \\$aDCW
=SRC  \\$aDCW$bDCW_20171202
=OHC  \\$a1
=LAS  \\$a1805-0738$b00$c20190111$lBLL01$h1828

