=LDR  04717 cm a22006377  4500
=001  018630814
=003  Uk
=005  20171203085732.0
=007  cr\mn\024mpada
=008  930310s1555\\\\be\||z\\s\\\\\\\\\\\mul\\
=FMT  \\$a  MU
=019  d\$acc08190104
=040  \\$aUk$beng$cUk
=041  \\$afre$aita$alat$gfre
=042  \\$aukblsr
=082  14$a780$215
=100  1\$aLasso, Orlando di,$d1532-1594.
=240  10$aMadrigali, vilanesche, canzoni francesi, e motetti
=245  13$aLe quatoirsiesme livre a quatre parties,$bcontenant dix huyct chansons Italiennes, six chansons francoises, & six motetz /$cfaictz (a la nouvelle composition d'aucuns d'Italie) par Rolando di Lassus.
=264  \1$aEn Anvers :$bTylman Susato,$c1555.
=300  \\$a4 part books ;$c16 x 21 cm (oblong 4º)
=336  \\$anotated music$2rdacontent
=337  \\$acomputer$2rdamedia
=338  \\$aonline$2rdacarrier
=340  \\$m4to$2rdabf
=500  \\$aCollection of French chansons, motets, and Italian songs in four parts (SATB), with table of contents.
=500  \\$aCopy at K.3.a.13. Digitised score at http://purl.org/rism/BI/1555/19.$5Uk
=500  \\$aCopy at K.3.a.13. SVPERIVS (20 leaves), CONTRA TENOR (20 leaves), TENOR (20 leaves), BASSVS (20 leaves); original foliation: Superius, Tenor: [1] ii-ix, xii, xi-xx Contra Tenor, Bassus: [1] ii-xx; paper dimensions: 148 x 195 mm.$5Uk
=500  \\$aTitle from Superius part book.
=500  \\$aTranscribed title page from Superius part book: LE QVATOIRSIESME / Liure a quatre parties contenant, / DIX HVYCT CHANSONS ITA- / liennes, Six chansons francoises, & Six Motetz, faictz / (a la Nouuelle composition d'aucuns d'Italie) par / Rolando di Lassus Nouuellement Impri-/ me en Anuers par Tylma[n] Susato / Imprimeur de Musicque. / SVPERIVS. / AVECQ GRACE ET PRIVI- / lege de la Maieste Imperiale. pour quatre / ans. Lan M.D. LV Soub- / signe de Lange.
=505  0\$aDel freddo Rheno a la sinistra riua. Ch'il credera perche lo dica. Rotaua & e pur ver. Si fe cristallo il fiume. Et io qual fui restai. Hor su la nuda terra. / Orlando di Lassus -- Per pianto la mia carne / Orlando di Lassus -- Se ben l'e[m]pia / Orlando di Lassus -- Occhi piangete accompagnate il core / Orlando di Lassus -- Vatene lieta homai coppia d'amici / Orlando di Lassus -- Perchio veggio & mi spiace / Orlando di Lassus -- Madonna mia pieta / Orlando di lassus -- Tu sai madonna mia / Orlando di lassus -- No giorno t'haggio hauere / Orlando di Lassus -- La cortesia noi donne predicate / Orlando di Lassus -- Tu traditora m'hai puost'a sto core / Orlando di Lassus -- Sto core mio se fosse di diamante / Orlando di lassus -- Las voles vous q'une personne chante / Orlando di Lassus -- En espoir vis & craincte / Orlando di Lassus -- Avecqz vous mon amour finera / Orlando di Lassus -- Ie laime bien & laimeray / Orlando di Lassus -- Trop endurer. sans auoir allegeance / Orlando di Lassus -- Vrai dieu disoit vne fillette / Orlando di Lassus -- Audi dulcis amica mea / Orlando di Lassus -- Peccantem me quotidie & non me penitenem / Orlando di Lassus -- Inclina domine aurem tuam / Orlando di Lassus -- Domine quando veneris iudicare / Orlando di Lassus -- Alma Nemes que sola / Orlando di Lassus -- Calami sonum ferentes siculo leuem numero / Cipriano de Rore.
=510  4\$aRISM B/I,$c1555 ¹⁹
=510  4\$aU. Meissner, Der Antwerpener Notendrucker Tylman Susato (Berlin: Verlag Merseburger, 1967),$cpp.110-111.
=546  \\$aFrench, Italian or Latin words.
=650  \0$aMotets.
=650  \0$aPolyphonic chansons.
=650  \0$aSongs, Italian.
=700  1\$aRore, Cipriano de,$d1515 or 1516-1565,$ecomposer.
=700  1\$aSusato, Tielman,$dactive 1529-1561,$eprinter.
=752  \\$aBelgium$dAntwerp.$2lcsh/naf
=856  41$uhttp://purl.org/rism/BI/1555/19$yDigitised score
=859  \\$aXLD$bDCW
=852  4\$cDRT$jDigital Store K.3.a.13$aBritish Library$bMUSIC
=985  \\$aRecord amended for WR# 13/070
=985  \\$aname title to add
=985  \\$aCorrected by MS generated file for WR# 1805-0738
=CAT  \\$aBATCH-DCW$b00$c20171203$lBLL01$h0857
=CAT  \\$a1805-0738$c20190111$lBLL01$h1807
=CAT  \\$a1805-0738$b00$c20190111$lBLL01$h1828
=FIN  \\$aY$d20171203
=LKR  \\$aPAR$lBLL01$r776$b004263629$mLe quatoirsiesme livre a quatre parties, contenant dix huyct chansons Italiennes, six chansons francoises, & six motetz /$nLe quatoirsiesme livre a quatre parties, contenant dix huyct chansons Italiennes, six chansons francoises, & six motetz /
=DGM  \\$a004263629$bCatBridge variable field
=DRT  \\$aDCW
=SRC  \\$aDCW$bDCW_20171202
=OHC  \\$a1
=LAS  \\$a1805-0738$b00$c20190111$lBLL01$h1828

