=LDR  06368ccm a22007457  4500
=001  018630815
=003  Uk
=005  20171203085732.0
=007  cr\mn\024mpada
=008  930322s1572\\\\fr\||z\\s\\\\\\\\\\\ger\\
=FMT  \\$a  MU
=019  d\$aec21350001
=040  \\$aUk$beng$cUk
=041  \\$ager
=042  \\$aukblsr
=082  14$a780$215
=130  0\$aNewerlessner fleissiger ettlicher viel schöner Lautenstück,$nBuch 1
=245  14$aDas erste Buch newerlessner fleissiger ettlicher viel schöner Lautenstück :$bvon artlichen Fantaseyen, lieblichen Teütschen, Frantzösischen unnd Italiänischen Liedern, künstlichen Lateinischen Muteten, mit vier und fünff stimmen, auch lustigen allerhand Passomezen: in die Teutsche Tabulatur, zů nutz und gefallen allen diser Kunst lehrbegirig, furnämlich den jenigen, so der frembden Welschen Tablatur etwas unuerfahrner, auff das verständlichest und richtigest zusamen getragen, geordnet, und auch selber getruckt.
=264  \1$b[Strassburg] ;$bgetruckt durch Bernhard Jobin, Burger zů Strassburg,$c1572.
=300  \\$a1 score ;$c33 x 22 cm (folio)
=336  \\$anotated music$2rdacontent
=337  \\$acomputer$2rdamedia
=338  \\$aonline$2rdacarrier
=340  \\$mfolio$2rdabf
=500  \\$aCollection of songs (Italian, French and German) and motets for the lute in tablature, with a preface, a poem praising the lute, instructions and a table of contents. Composers' names given in table of contents.
=500  \\$aCopy at K.1.i.2. 52 leaves; paper dimensions: 317 x 211 mm.$5Uk
=500  \\$aCopy at K.1.i.2. Digitised score at http://purl.org/rism/BI/1572/12.$5Uk
=500  \\$aTranscribed title page: Das Erste Bůch / Newerlessner / Fleissiger ettlicher viel / Schöner Lautenstück, von artlichen / Fantaseyen, lieblichen Teütschen, Frantzösischen / vnnd Italiänischen Liedern, künstlichen Lateini= / schen Muteten, mit vier vnd fünff stimmen, Auch / lustigen allerhand Passomezen: in die Teutsche / Tabulatur, zů nutz vnd gefallen allen diser Kunst / lehrbegirig, furnämlich den jenigen, so der fremb= / den Welschen Tabulatur etwas vnerfahr= / ner, auff das verständlichest vnd rich=/ tigest zusamen getragen, geord= / net, vnd auch selber / getruckt / Durch Bernhard Jobin, / Burger zů Strassburg. / M.D.LXXII.
=500  \\$aWith a dedication to Tobias Stimmer.
=505  0\$aFantasia 1 -- Fantasia 2 -- Fantasia 3 -- Fantasia 4 -- Si purti guardo / Ferrabosco -- Osio potessi donna / Arcadelt -- Quand Io pens a la martire / Arcadelt -- Signor mio Caro / Orland. -- Vita de la mia vita / Verdelot -- Io mi son giovinetta / Ferrabosco -- Del freddo rhenno / Orland. -- Chil cre il sole / Orland. -- Susanne ung Jour / Orland. -- Je prens en gre. / Crecquillon -- Pour parvenir / Crecquillon -- Puis ne me peult venir / Crecquil. -- Le departir / Orland. -- Joyssance / Adrian Villart. -- Un doulx nenny / Orland. -- Vray dieu disoit une fillette / Orland. -- Helas quel jour / Orland. -- Le rosingnol / Orland. -- De plusieurs choses / Orland. -- Bewar mich Herr / Steffan Zirler -- Ich weiss mir ein vest gebawtes hauss / Scandell. -- Der wein der schmackt mir also wol / Orland. -- Ist keiner hie der spricht zů mir / Orland. -- Im Meyen / Orland. -- Legem pone mihi Domine (Da mihi intellectum. Secunda pars) / Orland. -- Sicut mater consolatur / Orland. -- Confundantur (Fiat cor meum. Secunda pars.) / Orland. -- Confitemini Domino (Narrate. Secunda pars) / Orland. -- Veni in hortum / Orland. -- Nuncium vobis fero (Thus do myrrham. Secunda pars) / Orland. -- Passamezzo (Saltarello) -- Passamezzo (Saltarello) -- Passamezzo (Saltarello).
=510  4\$aRISM B/I,$c1572 ¹²
=650  \0$aLute music
=650  \0$aMotets
=650  \0$aSongs, French
=650  \0$aSongs, German
=650  \0$aSongs, Italian
=650  \0$aTablature (Music)
=700  1\$aArcadelt, Jacob,$dapproximately 1505-1568,$ecomposer.
=700  1\$aCrecquillon, Thomas,$d-1557?,$ecomposer.
=700  1\$aFerrabosco, Alfonso,$d1543-1588,$ecomposer.
=700  1\$aJobin, Bernhard,$dapproximately 1545-1593,$eprinter.
=700  1\$aLasso, Orlando di,$d1532-1594,$ecomposer.
=700  1\$aScandello, Antonio,$d1517-1580,$ecomposer.
=700  1\$aStimmer, Tobias,$d1539-1584,$ededicatee.
=700  1\$aVerdelot, Philippe,$d-approximately 1565,$ecomposer.
=700  1\$aWillaert, Adrian,$d1490?-1562,$ecomposer.
=700  1\$aZirler, Stephan,$dapproximately 1520-1568,$ecomposer.
=752  \\$aFrance$dStrasbourg.$2lcsh/naf
=856  41$uhttp://purl.org/rism/BI/1572/12$yDigitised score
=859  \\$aXLD$bDCW
=852  4\$cDRT$jDigital Store K.1.i.2.$aBritish Library$bMUSIC
=985  \\$aRecord amended for WR# 13/070
=985  \\$aname title to add
=985  \\$aCorrected by MS generated file for WR# 1805-0738
=CAT  \\$aBATCH-DCW$b00$c20171203$lBLL01$h0857
=CAT  \\$a1805-0738$c20190111$lBLL01$h1807
=CAT  \\$a1805-0738$b00$c20190111$lBLL01$h1828
=CAT  \\$aBATCH-UPD$b00$c20230123$lBLL01$h2036
=FIN  \\$aY$d20171203
=LKR  \\$aPAR$lBLL01$r776$b004437163$mDas erste Buch newerlessner fleissiger ettlicher viel schöner Lautenstück : von artlichen Fantaseyen, lieblichen Teütschen, Frantzösischen unnd Italiänischen Liedern, künstlichen Lateinischen Muteten, mit vier und fünff stimmen, auch lustigen allerhand Passomezen: in die Teutsche Tabulatur, zů nutz und gefallen allen diser Kunst lehrbegirig, furnämlich den jenigen, so der frembden Welschen Tablatur etwas unuerfahrner, auff das verständlichest und richtigest zusamen getragen, geordnet, und auch selber getruckt.$nDas erste Buch newerlessner fleissiger ettlicher viel schöner Lautenstück : von artlichen Fantaseyen, lieblichen Teütschen, Frantzösischen unnd Italiänischen Liedern, künstlichen Lateinischen Muteten, mit vier und fünff stimmen, auch lustigen allerhand Passomezen: in die Teutsche Tabulatur, zů nutz und gefallen allen diser Kunst lehrbegirig, furnämlich den jenigen, so der frembden Welschen Tablatur etwas unuerfahrner, auff das verständlichest und richtigest zusamen getragen, geordnet, und auch selber getruckt.
=DGM  \\$a004437163$bCatBridge variable field
=DRT  \\$aDCW
=SRC  \\$aDCW$bDCW_20171202
=OHC  \\$a1
=LAS  \\$aBATCH-UPD$b00$c20230123$lBLL01$h2036

