=LDR  10554 cm a22007337  4500
=001  018630816
=003  Uk
=005  20180110151849.0
=007  cr\mn\024mpada
=008  930322s1597\\\\gw\||z\\s\\\\\\\\\\\fre\\
=FMT  \\$a  MU
=019  d\$aef10350322
=040  \\$aUk$beng$cUk
=041  \\$afre$alat$gfre
=042  \\$aukblsr
=082  14$a780$215
=100  1\$aLasso, Orlando di,$d1532-1594,$ecomposer.
=245  10$aCinquante pseaumes de David /$cavec la musique a cinq parties d'Orlande de Lassus. Vingt autres pseaumes à cinq et six parties, par divers excellents musiciens de nostre temps.
=260  \\$a[Heidelberg] :$bDe l'imprimerie de Jerosme Commelin,$c1597.
=300  \\$a6 part books (1 v.) ;$c18 x 25 cm (obl. 4o)
=336  \\$anotated music$2rdacontent
=337  \\$acomputer$2rdamedia
=338  \\$aonline$2rdacarrier
=500  \\$aCollection of psalms in five or six parts, with index in all part books and preface in the sexta pars book only. The last thirteen psalms are for six voices, the rest are in five parts.
=500  \\$aCopy at K.2.a.4. Digitised score at http://purl.org/rism/BI/1597/6.$5Uk
=500  \\$aCopy at K.2.a.4. SVPERIVS ( 52 leaves), CONTRATENOR (52 leaves), TENOR (52 leaves), BASSVS (52 leaves), QVINTA PARS (52 leaves), SEXTA PARS (16 leaves); original pagination: Superius, Contratenor, Tenor, Quinta Pars: [1-3] 4-103 [104] Bassus: [1-3] 4-102 [103-104] Sexta Pars: [1-4] 5-31 [32]; paper dimensions: 148 x 215 mm.$5Uk
=500  \\$aDedicated 'a l'honorable compagnie des nourrissons, disciples, fauteurs et amateurs de la douce et saincte musique, a Amsterdam en Holande'.
=500  \\$aTranscribed title page from superius part book: CINQVANTE PSEAVMES DE / DAVID, AVEC LA MVSIQVE A CINQ / parties d'Orlande de Lassus. / Vingt autres Pseaumes à cinq & six parties, par diuers / excellents Musiciens de nostre temps. / SVPERIVS. / De l'imprimerie de Ierosme Commelin / M. D. XCVII.
=500  \\$aWoodcut of a Siren on the final page of the bassus part book.
=505  0\$aBeati immaculati in via. PS CXIX. (Bienheureuse est la personne qui vit) / Orlande -- Beati omnes qui tim. PS. CXXVIII. (Bienheureux est quiconques Serrà Dieu volontiers) / Orlande -- De profundis clam.ad.te. PS. CXXX. (Du fond de ma pensee) / Orlande -- Exaltabo te, Deus. PS. CXLV. (Mon Dieu, mo[n] Roy, haut je t'esleveray) / Orlande -- Ut quid, Domine, recessisti. PS. X. (D'où vient celà, Seigneur, je te suppli) -- Exultate justi in Dom. PS. XXXIII (Resveillez vous chascun fidelle) / Pevernage -- Exultate justi in Dom. PS. XXXII (Que Dieu se monstre seulement; seconde partie: Ce pendant devant le Seigneur) / Maletty -- Dominus regnavit, exult. PS. XCVII. (L'eternel est regant, la terre maintenant; seconde partie: Grands feux estincelans; troisieme partie: Comme la cire au feu; quatrime partie: Soyent confus & deffaicts; cinquieme partie: Tes jugements, Seigneur, Ont faict que ton honneur; sixieme partie: Vous, de Dieu les amis; septieme partie: Le clair jour est semé) / Flores -- Dominus regit me. PS. XXIII. (Mon Dieu me paist sous sa puissance haute; seconda partie: Si seurement, que quand au val viendroye; troisieme partie: Tu oings mon chef) / Flores -- Ad te Domine clamabo. PS. XXVIII. (O Dieu, qui est ma forteresse; seconde partie: Veuilles ouït ce que je crie; troisieme partie: En la bouche ils n'ont que concorde; quatrieme partie: D'autant qu'ils n'ont en leurs courages; cinquieme partie: Loué soit Dieu, qui ma priere; sixieme partie: A mes gents toute force il donne) / Flores --
=505  0\$aBeatus vir qui non abiit. PS. 1 (Qui au conseil des malins n'a esté) / Orlande -- Verba mea auribus percipe. PS. V. (Aux paroles que je veuil dire) / Orlande -- Domine Deus meus in te speravi. PS. VII (Mon Dieu, j'ay en toy esperance) / Orlande -- Domine Dominus noster. PS. VIII. (O nostre Dieu & Seigneur amiable) / Orlande -- Confiebor tibi, Domine,in t.c.m. PS. IX (De tout mon coeur t'exalteray) / Orlande -- In Domine confido. PS. XI. (Veu que du tout en Dieu mon coeur) / Orlande -- Conserva me, Domine. PS. XVI. (Sois moy, Seigneur,ma garde & mon appuy) / Orlande -- Domine exaudi. PS. XVII. (Seigneur, enten à mon bon droit) / Orlande -- Domine,in virtute tua laetabitur Rex. PS. XXI (Seigneur, le Roy s'es jouïra / Orlande -- Afferte Domino filij. PS. XXIX (Vous tous, Princes & Seigneurs) / Orlande -- Noli aemulari. PS. XXXVII (Ne sois sasché, si durant ceste vie) / Orlande -- Domine, ne in furore tuo. PS. XXXVIII (Las! en ta fureur aiguë) / Orlande -- Deus Deorum Dominus loquutus est. PS. L (Le Dieu,le fort, l'Eternel parlera) / Orlande -- Fundamenta ejus. PS. LXXXVII (Dieu, pour fonder son tresseur habitacle) / Orlande -- Domine, refugium factus es nobis. PS. XC (Tu as esté, Seigneur, nostre retraicte) / Orlande -- Qui habitat in adjutorio Altiss. PS. XCI (Qui en la garde du haut Dieu) / Orlande -- Dominus regnat, dec.ind.est. PS. XCIII (Dieu est regnant, de gra[n]deur tour vestu) / Orlande Venite, exultemus. PS. XCV. (Sus, esgayon nous au Seigneur) / Orlande -- Dixit Dominus. PS. CX. (L'omnipotent à mon Seigneur & maistre) / Orlande -- Saepe expugnaverunt. PS. CXXIX (Des ma jeunesse ils m'ont faict mil assauts) / Orlande -- Super flumina Bab. PS. CXXXVII (Estans assis aux rives aqautiques) / Orlande -- Laudate Dominum, quoniam. PS. CXLVII (Louëz Dieu, car c'est chose bonne) / Orlande -- Ut quid, Domine, recesisti. PS. X. (D'Ou vient celà, Seigneur,je te suppli) / Orlande --
=505  0\$aJudica me,Domine. PS. XXVI. (Seigneur, garde mon droit) / Orlande -- Dominus illuminatio mea. PS. XXVII. (Le Seigneur est la clarré qui m'addresse) / Orlande -- Exultate justi in Domino. PS. XXXIII (Resveillez vous, chacun fidele) / Orlande -- Judica, Domine. (Deba contre mes debateurs) / Orlande -- Dixit injustus. PS. XXXVI (Du malin le meschant vouloir) / Orlande -- Deus misereatur nostri. PS. LXVII (Dieu nous soit doux & favorable) / Orlande -- Cantate Domino cant. PS. XCVI (Chantez à Dieu, cha[n]tez cha[n]son novelle) / Orlande -- Benedic,anima mea,Dom. PS. CIIII. (Sus mon ame, ilte faut dire bien De'l'Eternel) / Orlande -- Contitem. Dom.quoniam bon. PS. CVII. (Donnez au Seigneur gloire, Il est doux & cleme[n]t) / Orlande -- Ecce nunc benedicite Dom. PS. CXXXIIII (Or sus, serviteurs du Seigneur) / Orlande -- Quare fremuerunt gentes. PS. II. (Pourquoy font bruit, & s'assemblent les gents?) / Orlande -- Domine, ne in furore tuo. PS. VI (Ne veuilles pas ô Sire) / Orlande -- Omnes gentes plaudite. PS. XLVII (Or sus. Frappez en vos mains) / Orlande -- Audite haec omnes. PS. XLIX (Peuples oyez,& l'oreille prestez) / Orlande -- Miserere mei. PS. LVII (Ayes pitié de moy) / Orlande -- Exaudi, Deus, vocem meam. PS. LXIIII (Enteu à ce que je veuil dire) / Orlande -- Ut quid,Domine, repulisti. PS. LXXIIII. (Doù vient, Seigneur, que tu nous as espars) / Orlande -- Jubilate Deo omnis terra. PS. C. (Vous tous qui la terre habitez) / Orlande -- Latatus sum in his. PS. CXXII. (Incontinent que j'eus ouï) / Orlande -- Memento, Domine, Dauid. PS. CXXXII. (Meuilles, Seigneur, estre records De David) / Orlande -- Benedixisti, Domine. PS. LXXXV (Avec les tiens,Seigneur, tu as faict paix) / Orlande -- Confitemini Dom.quon.bonus. PS. CVI (Louez Dieu, car il est benin) / Orlande -- Salvum me fac.Dom. PS. XII (Donne secours,Seigneur,il en est heure) / Orlande --
=505  0\$aUt quid, Deus, repulisti. PS. LXXIIII (D'où vient Seigneur, que tu nous as espars; seconde partie: Debout, Seigneur, vien pour exterminer; troisieme partie: Là où jadis tes faicts; quatrieme partie: Tes beaux lambris taillés) / Maletty -- Beatus vir, qui non abiit. PS. 1 (Qui au conseil des malins n'a esté) / Maletty -- Domine, quid mult. Sunt. PS.III (O Seigneur que de gents) -- Domine Deus ultionum. PS. XCIIII (O eternel, Dieu des vengeances) / Maletty -- Ad te levavi. PS. CXXIII (A toy, ô Dieu, qui es là haut aux cieux; seconde partie: Helas, Siegneur, aye pitié de nous) / Goudimel -- Domine, benedixisti. PS. LXXXIIII (Avec les tiens,Seigneur, tu as faict paix; seconde partie: Mais quoy? je veuil escouter que dira Le Seigneur Dieu) / Maletty -- Eripe me ab hom.malo. PS. CXI. (O Dieu donne moy delivrance De cest homme pernicieux; seconda partie: Le chef de ceste compagnie Qui m'enclost) / Maletty -- Nisi Dominus aedificaverit. PS. CXXVII (On a beau sa maison) / Faignient -- Domine, refugium. PS. XC (Tu as esté Seigneur. nostre retraicte) / Manenti -- Judica, Domine. PS. XLIII. (Revenge moy, pren la querelle; seconde partie: Acce coup ta lumiere lui se) / Maletty -- Benedic anima. PS. CIII. (Sus louez Dieu, mon ame) / Felis -- Confitemini Domino. PS. CVII. (Donnez au Seigneur gloire) / Macque -- Super flumina. PS. CXXXVII (Estans assis aux rives aquatiques) / Sabin -- Voce, ea ad Dom. PS. CXLII (J'ay de ma voix à Dieu crié) / Baccusy.
=510  4\$aRISM B/I,$c1597 ⁶
=546  \\$aFrench and Latin words.
=650  \0$aChoruses, Sacred$vParts.
=650  \0$aPsalms (Music)$vParts.
=700  1\$aBaccusi, Ippolito,$dapproximately 1540-1609,$ecomposer.
=700  1\$aCommelin, Jerome,$eprinter.
=700  1\$aFaignient, Noé,$dactive 1560-1600,$ecomposer.
=700  1\$aFelis, Stefano,$dapproximately 1550-approximately 1603,$ecomposer.
=700  1\$aFlores, Alfonso,$dlate 16th cent,$ecomposer.
=700  1\$aGoudimel, Claude,$d-1572,$ecomposer.
=700  1\$aMacque, Giovanni de,$dapproximately 1550-1614,$ecomposer.
=700  1\$aMaletty, Jehan de,$d-approximately 1583,$ecomposer.
=700  1\$aManenti, Giovan Piero,$ecomposer.
=700  1\$aMongart, Louis,$eeditor.
=700  1\$aPevernage, André,$d1542 or 1543-1591,$ecomposer.
=700  1\$aSabino, Ippolito,$dapproximately 1550-1593,$ecomposer.
=752  \\$aGermany$dHeidelberg.$2lcsh/naf
=856  41$uhttp://purl.org/rism/BI/1597/6$yDigitised score
=859  \\$aXLD$bDCW
=852  4\$cDRT$jDigital Store K.2.a.4.$aBritish Library$bMUSIC
=985  \\$aRecord amended for WR# 13/070
=985  \\$aname title to add
=CAT  \\$aBATCH-DCW$b00$c20171203$lBLL01$h0857
=CAT  \\$a12274$b40$c20180110$lBLL01$h1518
=FIN  \\$aY$d20171203
=LKR  \\$aPAR$lBLL01$r776$b004468865$mCinquante pseaumes de David /$nCinquante pseaumes de David /
=DGM  \\$a004468865$bCatBridge variable field
=DRT  \\$aDCW
=SRC  \\$aDCW$bDCW_20171202
=OHC  \\$a1
=LAS  \\$a12274$b40$c20180110$lBLL01$h1518

