=LDR  04873 cm a22006737  4500
=001  018630817
=003  Uk
=005  20190430075419.0
=007  cr\mn\024mpada
=008  930322s1551\\\\fr\||z\\s\\\\\\\|\\\zxx\\
=FMT  \\$a  MU
=019  d\$aeg05900011
=040  \\$aUk$beng$cUk
=042  \\$aukblsr
=082  14$a780$215
=100  1\$aLe Roy, Adrian,$dapproximately 1520-1598.
=240  10$aLivre de guiterre,$nno. 1
=245  10$aPremier livre de tabulature de guiterre :$bcontenant plusieurs chansons, fantasies, pavanes, gaillardes, almandes, branles, tant simples qu'autres /$cle tout composé. par Adrian le Roy.
=264  \1$aA Paris :$bPar Adrian le Roy & Robert Ballard,$c1551.
=300  \\$a24 leaves of music ;$c17 x 23 cm (oblong 4º)
=336  \\$anotated music$2rdacontent
=337  \\$acomputer$2rdamedia
=338  \\$aonline$2rdacarrier
=340  \\$m4to$2rdabf
=500  \\$aCollection of chansons, fantasies, pavanes, allemandes, and branles for the guitar, in tablature.
=500  \\$aCopy at K.2.h.12.(1.). 24 leaves; original foliation: [1], 2-24 f.; paper dimensions: 160 x 220 mm.$5Uk
=500  \\$aCopy at K.2.h.12.(1.). Digitised score at http://purl.org/rism/BI/1551/23.$5Uk
=500  \\$aTranscribed title page: PREMIER LIVRE DE / TABVLATVRE DE GVITERRE, CONTE-/ nant plusieurs Chansons, Fantasies, Pauanes, Gaillardes, Alman-/des, Branles, tant simples qu'autres:/ Le tout composé./ Par / ADRIAN LE ROY. / [Table] A PARIS, / De l'imprimerie, d'Adrian le Roy, & Robert Ballard, rue Saint Iean de / Beauuais, a l'enseigne Sainte Geneuieue. / 12. Septembre. 1551. / Auec priuilege du Roy, pour neuf ans.
=500  \\$aWith table of contents on the title page and an extract from the royal privilege granted to the firm on the verso of the title page.
=505  0\$aFantasie premiere / Adrian Le Roy -- Fantasie seconde / Adrian Le Roy -- Chanson a quatre. Helas mon dieu / Maillard -- Chanson a quatre. Ie sens l'affection / Boyuin -- Chanson a quatre. Ie cherche autant amour / Boyuin -- Chanson a quatre. / Maillard -- Pavane Si ie m'enuois, avec sa Gaillarde. / Adrian Le Roy -- Pavane de la gambe, avec sa Gaillarde. / Adrian Le Roy - Gaillarde / Adrian Le Roy - Gaillarde par deppit / Adrian Le Roy -- Gaillarde, la roque elfuzo / Adrian Le Roy -- Gaillarde, la peronnelle / Adrian Le Roy -- Branle simple. N'aurez uous point de moy pitié / Adrian Le Roy -- Branle gay / Adrian Le Roy -- Branle gay / Adrian Le Roy - Almande / Adrian Le Roy -- Almande. La mon amy la. / Adrian Le Roy -- Premier Branle de Bourgonge / Adrian Le Roy -- Seconde Branle de Bourgonge / Adrian Le Roy -- Troisieme Branle de Bourgonge / Adrian Le Roy -- Quatriesme Branle de Bourgonge / Adrian Le Roy -- Cinquiesme Branle de Bourgonge / Adrian Le Roy -- Sixiesme Branle de Bourgonge / Adrian Le Roy -- Septiesme Branle de Bourgonge / Adrian Le Roy -- Hutiesme Branle de Bourgonge / Adrian Le Roy -- Neufyesme Branle de Bourgonge / Adrian Le Roy -- Chanson. La Muniere de Vernon / Adrian Le Roy -- Maniere d'accorder / Adrian Le Roy.
=510  4\$aFrançois Lesure and Geneviève Thibault, Bibliographie des Éditions d'Adrian Le Roy et Robert Ballard (1551-1598) (Paris: Société Française de Musicologie, 1955),$cno. 2.
=510  4\$aRISM B/I,$c1551 ²³
=650  \0$aGuitar music.
=650  \0$aTablature (Music)
=700  1\$aBallard, Robert,$d-1588,$eprinter.
=700  0\$aBoyvin,$dactive approximately 1540-approximately 1545,$ecomposer.
=700  1\$aLe Roy, Adrian,$dapproximately 1520-1598,$eprinter.
=700  1\$aMaillard, Jean,$dactive 1538-1572,$ecomposer.
=710  2\$aAdrian Le Roy & Robert Ballard (Firm)
=752  \\$aFrance$dParis.$2lcsh/naf
=856  41$uhttp://purl.org/rism/BI/1551/23$yDigitised score
=859  \\$aXLD$bDCW
=852  4\$cDRT$jDigital Store K.2.h.12.(1.)$aBritish Library$bMUSIC
=985  \\$a100/240 established for vol 2 in LCNA
=985  \\$aEarly Music Online project
=985  \\$aRecord amended for WR# 13/070
=985  \\$aname title to add
=985  \\$aCorrected by MS generated file for WR# 1805-0738
=CAT  \\$aBATCH-DCW$b00$c20171203$lBLL01$h0857
=CAT  \\$a1805-0738$c20190111$lBLL01$h1807
=CAT  \\$a1805-0738$b00$c20190111$lBLL01$h1828
=CAT  \\$a8962$b40$c20190430$lBLL01$h0754
=FIN  \\$aY$d20171203
=LKR  \\$aPAR$lBLL01$r776$b004479160$mPremier livre de tabulature de guiterre : contenant plusieurs chansons, fantasies, pavanes, gaillardes, almandes, branles, tant simples qu'autres /$nPremier livre de tabulature de guiterre : contenant plusieurs chansons, fantasies, pavanes, gaillardes, almandes, branles, tant simples qu'autres /
=DGM  \\$a004479160$bCatBridge variable field
=DRT  \\$aDCW
=SRC  \\$aDCW$bDCW_20171202
=OHC  \\$a1
=LAS  \\$a8962$b40$c20190430$lBLL01$h0754

