=LDR  04200 cm a22006257  4500
=001  018630818
=003  Uk
=005  20171203085732.0
=007  cr\mn\024mpada
=008  930322s1555\\\\fr\||z\\s\\\\\\\\\\\fre\\
=FMT  \\$a  MU
=019  d\$aeg05900012
=040  \\$aUk$beng$cUk
=042  \\$aukblsr
=082  14$a780$215
=100  1\$aLe Roy, Adrian,$dapproximately 1520-1598,$eprinter.
=240  10$aLivre de guiterre,$nno. 2.
=245  10$aSecond livre de guiterre, contenant plusieurs chansons en forme de voix de ville /$cnouvellement remises en tabulature, par Adrian le Roy.
=264  \1$aA Paris :$bDe l'imprimerie, d'Adrian le Roy & Robert Balard,$c1555.
=300  \\$a24 leaves of music ;$c17 x 23 cm (oblong 4º)
=336  \\$anotated music$2rdacontent
=337  \\$acomputer$2rdamedia
=338  \\$aonline$2rdacarrier
=340  \\$m4to$2rdabf
=500  \\$aCollection of chansons in voix de ville form, arranged for guitar in tablature by Adrian Le Roy.
=500  \\$aCopy at K.2.h.12.(2.). 24 leaves; original foliation: [1], 2-24 f.; paper dimensions: 160 x 220 mm.$5Uk
=500  \\$aCopy at K.2.h.12.(2.). Digitised score at http://purl.org/rism/AI/L2044.$5Uk
=500  \\$aTranscribed title page: SECOND LIVRE DE GVI-/TERRE, CONTENANT PLVSIEVRS CHANSONS EN / forme de voix de ville: nouuellement remises en tablature, / par Adrian le Roy. [TABLE] / A PARIS. / De l'imprimerie, d'Adrian le Roy, & Robert Balard, Imprimeurs du Roy, rue / saint Iean de Beauuais, à l'enseigne sainte Geneuieue. / 5. Ianuier. / 1555. / Auec priuilege du Roy, pour neuf ans.
=500  \\$aWith table of contents at the front, and an extract of the Royal privilege granted to the firm printed on the verso of the last folio.
=505  0\$aA PLAISIR (Laissez la verte couleur) - PAVANNE (I'ay le rebours de ce que ie souhaitte) -- GAILLARDE (Puis que viure en seruitute} / [Orlando di Lasso] -- A PLAISIR (Pour m'eslongner & changer de contrée) -- BRANLE GAY (O combien est heureuse) -- BRANLE GAY (Ie ne suis moins aimable) -- A PLAISIR (Mes pas semez & loi[n]g allez) -- BRANLE GAY (Quand i'entens le perdu temps) -- TRIO (Ie ne veux plus à mon mal consentir) -- BRANLE GAY (Plus ne veux estre à la suite) -- GAILLARDE (L'ennuy qui me tourmente) -- BRANLE GAY (C'est de la peine dure) -- BRANLE GAY (Helas mon dieu y ha il en ce monde) -- BRANLE GAY (A mes peines & ennuits) -- GAILLARDE (Puis que nouuelle affection) -- A PLAISIR (I'ay cherché la science) / [Orlando di Lasso] -- A PLAISIR (Vous estes la personne) -- PADVANE (Une m'auoit promis) -- GAILLARDE (O la mal assignée) -- A PLAISIR (Oyez tous amoureux) -- BRANLE GAY (Maintenant c'est vn cas estrange) -- BRANSLE DE POITOV (O ma dame per-ie mon te[m]ps) -- A PLAISIR (Mon dieu vostre pitié).
=510  4\$aFrançois Lesure and Geneviève Thibault, Bibliographie des editions d'Adrian Le Roy et Robert Ballard (1551-1598) (Paris: Société Française de Musicologie, 1955),$cno. 22.
=510  4\$aRISM A/I,$cL 2044
=650  \0$aGuitar music.
=650  \0$aTablature (Music)
=700  1\$aBallard, Robert,$d-1588,$eprinter.
=700  1\$aLasso, Orlando di,$d1532-1594,$ecomposer.
=710  2\$aAdrian Le Roy & Robert Ballard (Firm)
=752  \\$aFrance$aParis.$2lcsh/naf
=856  41$uhttp://purl.org/rism/AI/L2044$yDigitised score
=859  \\$aXLD$bDCW
=852  4\$cDRT$jDigital Store K.2.h.12.(2.)$aBritish Library$bMUSIC
=985  \\$a100/240 established for this vol on LCNA
=985  \\$aRecord amended for WR# 13/070
=985  \\$aname title to add
=985  \\$aCorrected by MS generated file for WR# 1805-0738
=CAT  \\$aBATCH-DCW$b00$c20171203$lBLL01$h0857
=CAT  \\$a1805-0738$c20190111$lBLL01$h1807
=CAT  \\$a1805-0738$b00$c20190111$lBLL01$h1828
=FIN  \\$aY$d20171203
=LKR  \\$aPAR$lBLL01$r776$b004479161$mSecond livre de guiterre, contenant plusieurs chansons en forme de voix de ville /$nSecond livre de guiterre, contenant plusieurs chansons en forme de voix de ville /
=DGM  \\$a004479161$bCatBridge variable field
=DRT  \\$aDCW
=SRC  \\$aDCW$bDCW_20171202
=OHC  \\$a1
=LAS  \\$a1805-0738$b00$c20190111$lBLL01$h1828

