=LDR  04392 cm a22006257  4500
=001  018630819
=003  Uk
=005  20171203085732.0
=007  cr\mn\024mpada
=008  930322s1552\\\\fr\||z\\s\\\\\\\\\\\zxx\\
=FMT  \\$a  MU
=019  d\$aeg05900013
=040  \\$aUk$beng$cUk
=042  \\$aukblsr
=082  14$a780$215
=100  1\$aLe Roy, Adrian,$dapproximately 1520-1598.
=240  10$aLivre de guiterre,$nno. 3
=245  10$aTiers livre de tabulature de guiterre, contenant plusieurs préludes, chansons, basse-dances, tourdions, pavanes, gaillardes, almandes, bransles, tant doubles que simples /$cLe tout composé par Adrian Le roy.
=264  \1$aA Paris :$bde l'imprimerie, d'Adrian le Roy & Robert Ballard,$c1552.
=300  \\$a24 leaves of music ;$c17 x 23 cm (oblong 4º)
=336  \\$anotated music$2rdacontent
=337  \\$acomputer$2rdamedia
=338  \\$aonline$2rdacarrier
=340  \\$m4to$2rdabf
=500  \\$aCollection of French chansons and dances arranged for guitar by Adrian Le Roy, in tablature.
=500  \\$aCopy at K.2.h.12.(3.). 24 leaves [1], 2-24 f. 160 x 220 mm.$5Uk
=500  \\$aCopy at K.2.h.12.(3.). Digitised score at http://purl.org/rism/AI/L2045.$5Uk
=500  \\$aTranscribed title page: TIERS LIVRE DE TABV-/ LATVRE DE GVITERRE, CONTE-/ nant plusieurs Préludes, Chansons, Basse-dances, Tour-/dions, Pauanes, Gaillardes, Almandes, Bransles, tant / doubles que simples. Le tout composé par / ADRIAN LE ROY. / A PARIS. / De l'imprimerie, d'Adrian le Roy, & Robert Balard, Imprimeurs du Roy, rue / saint Iean de Beauuais, à l'enseigne sainte Geneuieue. / 1552. / Auec priuilege du Roy, pour neuf ans.
=500  \\$aWith table of contents at the back.
=505  0\$aPrélude - Prélude -- [Chanson] Un Aduocat dit à sa femme -- [Chanson] La la la ie ne l'ose dire -- [Chanson] Iean de Lagny -- [Chanson] Pour vn plaisir que si peu dure -- [Basse-dance] Il estoit vne fillette / [Clément Janequin] -- Demie Basse-dance - Tourdion -- Pauane, I'ay du mal tant tant auec sa gaillarde. -- Pauane de la guerre, auec sa gaillarde. / [Clément Janequin] -- Gaillarde, La toulouzané -- Gaillarde, La lionnoyse. -- Gaillarde. -- Gaillarde. -- La Romanesque Gaillarde -- Almande, Le pied de cheual. -- Almande tournée. -- Bransle simple. -- Bransle gay. -- Bransle gay, La ceinture que ie porte -- Bransle gay, Ie ne seray iamais bergere. -- Bransle de Champaigne. -- Bransle de Champaigne. -- Bransle de Champaigne. -- Bransle de Champaigne. -- Bransle Haulbaroys. -- Pimontoyse. -- Bransle de Poictou. -- Branle de Poictou, en mode de Cornemuse. -- Bransle de Poictou [en mode de Cornemuse]. -- Bransle de Poictou grand bonnet large [en mode de Cornemuse]. -- Bransle de Poictou [en mode de Cornemuse].
=510  4\$aFrançois Lesure and Geneviève Thibault, Bibliographie des Éditions d'Adrian Le Roy et Robert Ballard (1551-1598) (Paris: Société Française de Musicologie, 1955),$cno. 4.
=510  4\$aRISM A/I,$cL 2045
=650  \0$aGuitar music.
=650  \0$aTablature (Music)
=700  1\$aBallard, Robert,$d-1588,$eprinter.
=700  1\$aJanequin, Clément,$dapproximately 1495-approximately 1560,$ecomposer.
=710  2\$aAdrian Le Roy & Robert Ballard (Firm)
=752  \\$aFrance$dParis.$2lcsh/naf
=856  41$uhttp://purl.org/rism/AI/L2045$yDigitised score
=859  \\$aXLD$bDCW
=852  4\$cDRT$jDigital Store K.2.h.12.(3.)$aBritish Library$bMUSIC
=985  \\$a100/240 on LCNA for vol. 2
=985  \\$aRecord amended for WR# 13/070
=985  \\$aname title to add
=985  \\$aCorrected by MS generated file for WR# 1805-0738
=CAT  \\$aBATCH-DCW$b00$c20171203$lBLL01$h0857
=CAT  \\$a1805-0738$c20190111$lBLL01$h1807
=CAT  \\$a1805-0738$b00$c20190111$lBLL01$h1828
=FIN  \\$aY$d20171203
=LKR  \\$aPAR$lBLL01$r776$b004479162$mTiers livre de tabulature de guiterre, contenant plusieurs préludes, chansons, basse-dances, tourdions, pavanes, gaillardes, almandes, bransles, tant doubles que simples /$nTiers livre de tabulature de guiterre, contenant plusieurs préludes, chansons, basse-dances, tourdions, pavanes, gaillardes, almandes, bransles, tant doubles que simples /
=DGM  \\$a004479162$bCatBridge variable field
=DRT  \\$aDCW
=SRC  \\$aDCW$bDCW_20171202
=OHC  \\$a1
=LAS  \\$a1805-0738$b00$c20190111$lBLL01$h1828

