=LDR  05191 cm a22007217  4500
=001  018630820
=003  Uk
=005  20190430075344.0
=007  cr\mn\024mpada
=008  930322s1553\\\\fr\||z\\s\\\\\\\|\\\zxx\\
=FMT  \\$a  MU
=019  d\$aeg05900014
=040  \\$aUk$beng$cUk
=042  \\$aukblsr
=082  14$a780$215
=100  1\$aBrayssing, Grégoire,$dactive 1547-1560.
=240  10$aLivre de guiterre,$nno. 4.
=245  10$aQuart livre de tabulature de guiterre, contenant plusieurs fantasies, pseaulmes, & chansons: avec L'alouette, & la Guerre /$cComposeés par M. Gregoire Brayssing deaugusta.
=264  \1$aA Paris :$bDe l'imprimerie, d'Adrian le Roy & Robert Balard,$c1553.
=300  \\$a28 leaves of music ;$c17 x 23 cm (oblong 4º)
=336  \\$anotated music$2rdacontent
=337  \\$acomputer$2rdamedia
=338  \\$aonline$2rdacarrier
=340  \\$m4to$2rdabf
=500  \\$aCollection of fantasies, psalms and chansons for guitar, in tablature.
=500  \\$aCopy at K.2.h.12.(4.). 28 leaves; original foliation: [1], 2-28 f.; paper dimensions: 160 x 220 mm.$5Uk
=500  \\$aCopy at K.2.h.12.(4.). Digitised score at http://purl.org/rism/BI/1553/35.$5Uk
=500  \\$aThe following text appears at the beginning of the last work in the volume, La Guerre: 'Veldt Schlacht Wieder loblicher Chúrfurst herizogk Iohans / Friderich Von Sachsen Vor Múlberg Gefangen ist Worden.'
=500  \\$aTranscribed title page: QVART LIVRE DE TABV-/LATVRE DE GVITERRE, CONTENANT / plusieurs Fantasies, Pseaulmes, & Chansons: auec L'alouette, & la Guerre, / Composées par M. Gregoire Brayssing deaugusta. / [Table] A PARIS. / De l'imprimerie, d'Adrian le Roy, & Robert Balard, Imprimeurs du Roy, rue / saint Iean de Beauuais, à l'enseigne sainte Geneuieue. / 26.Nouembre. / 1553. / Auec priuilege du Roy, pour neuf ans.
=500  \\$aWith a table of contents on the title page, and an extract of the royal privilege granted to the firm printed on the verso of the title page.
=505  0\$aPremiere fantasie, des Grues / Gregoire Brayssing deaugusta -- La seconde fantasie / Gregoire Brayssing deaugusta -- La troisieme fantasie / Gregoire Brayssing deaugusta -- La quatrieme fantasie / Gregoire Brayssing deaugusta -- La cinquieme fantasie / Gregoire Brayssing deaugusta -- La sixieme fantasie / Gregoire Brayssing deaugusta -- Pseaulme. Verba mea. / Gregoire Brayssing deaugusta -- Pseaulme. In exitu Israël de Aegypto. / Gregoire Brayssing deaugusta -- Pseaulme. Cum inuocarem / Gregoire Brayssing deaugusta -- Pseaulme. Beati quorum. / Gregoire Brayssing deaugusta -- Pseaulme. Super flumina. / Gregoire Brayssing deaugusta -- Chanson. / Helas mon Dieu, ton ire s'est tournée. / Gregoire Brayssing deaugusta -- Chanson. O, passy, sparcy. / Gregoire Brayssing deaugusta -- Chanson. Voulant honneur. / Gregoire Brayssing deaugusta -- Chanson. Ie cherche autant amour. / Gregoire Brayssing deaugusta -- Chanson. Au temps heureux. / Gregoire Brayssing deaugusta -- Chanson. Qui souhaitez. / Gregoire Brayssing deaugusta -- Chanson. Vn mesnagier vieillard recru d'ahan. / Gregoire Brayssing deaugusta -- L'Alouette. / Gregoire Brayssing deaugusta -- La Guerre. / Gregoire Brayssing deaugusta.
=510  4\$aFrançois Lesure and Geneviève Thibault, Bibliographie des Éditions d'Adrian Le Roy et Robert Ballard (1551-1598) (Paris: Société Française de Musicologie, 1955),$cno. 10.
=510  4\$aRISM B/I,$c1553 ³⁵
=650  \0$aLute music.
=650  \0$aTablature (Music)
=700  0\$aSandrin,$dactive 1538-1561,$ecomposer.
=700  1\$aArcadelt, Jacob,$dapproximately 1505-1568,$ecomposer.
=700  1\$aBallard, Robert,$d-1588,$eprinter.
=700  0\$aBoyvin,$dactive approximately 1540-approximately 1545,$ecomposer.
=700  1\$aFesta, Sebastiano,$d-1524,$ecomposer.
=700  1\$aJanequin, Clément,$dapproximately 1495-approximately 1560,$ecomposer.
=700  1\$aLe Roy, Adrian,$dapproximately 1520-1598,$eprinter.
=700  1\$aMaillard, Jean,$dactive 1538-1572,$ecomposer.
=710  2\$aAdrian Le Roy & Robert Ballard (Firm)
=752  \\$aFrance$dParis.$2lcsh/naf
=856  41$uhttp://purl.org/rism/BI/1553/35$yDigitised score
=859  \\$aXLD$bDCW
=852  4\$cDRT$jDigital Store K.2.h.12.(4.)$aBritish Library$bMUSIC
=985  \\$aEarly Music Online project
=985  \\$aRecord amended for WR# 13/070
=985  \\$aname title to add
=985  \\$aCorrected by MS generated file for WR# 1805-0738
=CAT  \\$aBATCH-DCW$b00$c20171203$lBLL01$h0857
=CAT  \\$a1805-0738$c20190111$lBLL01$h1807
=CAT  \\$a1805-0738$b00$c20190111$lBLL01$h1828
=CAT  \\$a8962$b40$c20190430$lBLL01$h0753
=FIN  \\$aY$d20171203
=LKR  \\$aPAR$lBLL01$r776$b004479163$mQuart livre de tabulature de guiterre, contenant plusieurs fantasies, pseaulmes, & chansons: avec L'alouette, & la Guerre /$nQuart livre de tabulature de guiterre, contenant plusieurs fantasies, pseaulmes, & chansons: avec L'alouette, & la Guerre /
=DGM  \\$a004479163$bCatBridge variable field
=DRT  \\$aDCW
=SRC  \\$aDCW$bDCW_20171202
=OHC  \\$a1
=LAS  \\$a8962$b40$c20190430$lBLL01$h0753

