=LDR  04132 cm a22006497  4500
=001  018630821
=003  Uk
=005  20171203085732.0
=007  cr\mn\024mpada
=008  930322s1554\\\\fr\||z\\s\\\\\\\\\\\fre\\
=FMT  \\$a  MU
=019  d\$aeg05900015
=040  \\$aUk$beng$cUk
=042  \\$aukblsr
=082  14$a780$215
=130  1\$aLivre de guiterre,$nno. 5.
=245  10$aCinqiesme Livre de guiterre, contenant plusieurs chansons a trois & quatre parties /$cpar bons & excelens musiciens; reduites en tabulature par A. le Roy.
=264  \1$aA Paris :$bDe l'imprimerie, d'Adrian le Roy & Robert Balard,$c1554.
=300  \\$a24 leaves of music ;$c17 x 23 cm (oblong 4º)
=336  \\$anotated music$2rdacontent
=337  \\$acomputer$2rdamedia
=338  \\$aonline$2rdacarrier
=340  \\$m4to$2rdabf
=500  \\$aCollection of chansons in three and four parts arranged for the guitar, in tablature.
=500  \\$aCopy at K.2.h.12.(5.). 24 leaves; original foliation: [1], 2-28 f.; paper dimensions: 160 x 220 mm.$5Uk
=500  \\$aCopy at K.2.h.12.(5.). Digitised score at http://purl.org/rism/BI/1554/33.$5Uk
=500  \\$aTranscribed title page: CINQIESME LIVRE DE GVI-/TERRE, CONTENANT PLVSIEVRS CHANSONS A TROIS / & quatre parties, par bons & excelens Musiciens: Reduites en Tabu-/lature par Adrian le Roy. / [Table] / A PARIS. / De l'imprimerie, d'Adrian le Roy, & Robert Balard, Imprimeurs du Roy, rue / saint Iean de Beauuais, à l'enseigne sainte Geneuieue. / 6. Decembre. / 1554. / Auec priuilege du Roy, pour neuf ans.
=500  \\$aWith a table of contents on the title page, and an extract of the royal privilege granted to the firm printed on the verso of the last folio.
=505  0\$aEscoutez ma complainte / De Bussi -- L'esté chault boulloit / Adrian le Roy -- Ie ne me confesseray point / Arcadet - Av iour au iour / Bonard -- Qvand viendra la clarté / Arcadet -- Ie ne sçay que c'est qu'il me faut / Arcadet -- Que te sert amy d'estre ainsi / Arcadet -- I'ay tant bon credit qu'on voudra / Arcadet -- Dieu inconstant / Arcadet -- Ce n'est bien ny plaisir / Arcadet -- Amour ha pouuoir sur les dieus / Arcadet -- Qui pourra dire la douleur / Arcadet -- Si ce n'est amour qu'est-ce / Arcadet -- Si i'aime ou non / Adrian le Roy -- Nous voyons que les ho[m]mes / Arcadet -- La pastorella mia / Arcadet -- Margot labourez les vignes / Arcadet -- Iamais femme ne sera / Certon -- Amour me sçauriez vous aprendre / Arcadet -- Ie sonne la retraitte / Certon.
=510  4\$aFrançois Lesure and Geneviève Thibault, Bibliographie des Éditions d'Adrian Le Roy et Robert Ballard (1551-1598) (Paris: Société Française de Musicologie, 1955),$cno. 14.
=510  4\$aRISM B/I,$c1554 ³³
=546  \\$aFrench words.
=700  1\$aArcadelt, Jacob,$dapproximately 1505-1568,$ecomposer.
=700  1\$aBallard, Robert,$d-1588,$eprinter.
=700  1\$aBonard, Laurent,$dactive 1547-1554,$ecomposer.
=700  1\$aCerton, Pierre,$d-1572,$ecomposer.
=700  1\$aDe Bussy$dactive 1553-83,$ecomposer.
=700  1\$aLe Roy, Adrian,$dapproximately 1520-1598,$eprinter.
=710  2\$aAdrian Le Roy & Robert Ballard (Firm)
=752  \\$aFrance$dParis.$2lcsh/naf
=856  41$uhttp://purl.org/rism/BI/1554/33$yDigitised score
=859  \\$aXLD$bDCW
=852  4\$cDRT$jDigital Store K.2.h.12.(5.)$aBritish Library$bMUSIC
=985  \\$aEarly Music Online project
=985  \\$aRecord amended for WR# 13/070
=985  \\$aname title to add
=985  \\$aCorrected by MS generated file for WR# 1805-0738
=CAT  \\$aBATCH-DCW$b00$c20171203$lBLL01$h0857
=CAT  \\$a1805-0738$c20190111$lBLL01$h1807
=CAT  \\$a1805-0738$b00$c20190111$lBLL01$h1828
=FIN  \\$aY$d20171203
=LKR  \\$aPAR$lBLL01$r776$b004479164$mCinqiesme Livre de guiterre, contenant plusieurs chansons a trois & quatre parties /$nCinqiesme Livre de guiterre, contenant plusieurs chansons a trois & quatre parties /
=DGM  \\$a004479164$bCatBridge variable field
=DRT  \\$aDCW
=SRC  \\$aDCW$bDCW_20171202
=OHC  \\$a1
=LAS  \\$a1805-0738$b00$c20190111$lBLL01$h1828

