=LDR  09234 cm a2200985 a 4500
=001  018630822
=003  Uk
=005  20171203085732.0
=007  cr\mn\024mpada
=008  930322s1591\\\\gw\||z\\s\\\\\\\\\\\lat\\
=FMT  \\$a  MU
=019  d\$aeg17160001
=040  \\$aUk$beng$cUk
=042  \\$aukblsr
=082  14$a780$215
=130  0\$aBicinia sacra (1591)
=245  10$aBicinia sacra /$cex variis autoribus ; in usum iuventutis scholasticae collecta : quibus adjuncta est compendiaria in artem canendi introductio : unde brevissimo tempore & labore facilimo, non solum necessaria huius artis praecepta (quae nec multa nec difficilia adeò sunt) sed & artem ipsam canendi, pueri addiscere possunt ; edita à Frid. Lindnero = Zweystimmige Gesänglein : sampt einen kurtzen unterricht, wie man soll lernen singen : für die jungen Schuler neulich im druck aussgegangen.
=246  31$aZweystimmige Gesänglein
=264  \1$aNoribergae :$bIn officina typographica Catharinae Gerlachiae,$cMDXCI [1591]
=300  \\$a2 part books ;$c10 x 17 cm (oblong 4º)
=336  \\$anotated music$2rdacontent
=337  \\$acomputer$2rdamedia
=338  \\$aonline$2rdacarrier
=340  \\$m4to$2rdabf
=500  \\$aCollection of bicinia, including motets and ricercares or fantasias for two voices or instruments.
=500  \\$aCopy at K.2.b.13. Digitised score at http://purl.org/rism/BI/1591/27.$5Uk
=500  \\$aCopy at K.2.b.13. Vox inferior (48 leaves); paper dimensions: 94 x 156 mm.$5Uk
=500  \\$aThe instruction for Handl's 'Eripe me' canon reads 'Alterius vocem cano si contraria specto, Et sic dupliciter vertitur ordo duûm'.
=500  \\$aTranscribed title page from vox inferior part book: BICINIA SACRA, / EX VARIIS AUTORIBVS / IN VSVM IVVENTVTIS SCHOLASTICAE / collecta: Quibus adjuncta est compendiaria in artem canendi Introductio: / unde brevisimo tempore & labore facilimo, non solum necessaria huius / artis praecepta (quae nec multa nec difficilia adeò sunt) sed & artem / ipsam canendi, pueri addiscere possunt. / Edita à / FRID: LINDNERO / Zweystimmige Gesänglein/ sampt einen kurtzen / vnterricht/wie man soll lernen singen/für die jùngen Schuler / neulich im druck außgegangen. / VOX INFERIOR. / NORIBERGAE, / In officina typographica Catharinae Gerlachiae M. D. XCI.
=500  \\$aWith dedication to the Council of Nuremberg: "Nicolao Hieronymo Baumgartnero, Georgio ImHosio, Ioanni Sigismundo Furero, Andreae, Cristophoro and Bartholomaeo Harsdorferis, Hieronymo Tuchero, Paulo Colero, Wilhelmo and Bartholomaeo Halleris, Iacobo Welsero, and Paulo Stockamero."
=505  0\$aAudi tui meo dabis gaudium / Orlan. di Lassus -- Per illud ave prolatum / Iosquin -- Pleni sunt coeli & terra / Iachet Berchem -- Ego autem semper sperabo / Iacob. Handel -- Eripe me Domine ab inimicis meis (Headed: Canon duarum) / Iac. Handel -- Etiam si opertuerit me mori tecum / Iovan Nasco -- Benedictus qui venit in nomine Domini / Anton. Scandel -- Domine Deus, agnus Dei / Certon -- Pleni sunt coeli & terra / Certon -- Eripe me, Domine, ab inimicis meis / Iacobi Handel -- Pleni sunt coeli & terra / Anton. Scandel -- Et si omnes scandalizati fuerint in te / Iovan Nasco -- Benedictus qui venit in nomine Domini / Rodolph. di Lasso -- Fecit potentiam in brachio suo / Orlan. di Lassus -- Iusti tulerunt spolia impiorum / Orlan. di Lassus -- Serve bone & fidelis / Orlan. di Lassus -- Et resurrexit tertia die / Gomberth -- Pleni sunt coeli & terra / Iachet Berchem -- Et resurrexit tertia die / Certon -- Benedictus qui venit in nomine Domini / Anton. Scandel -- Benedictus qui venit in nomine Domini / Melchior Schram -- Sancti mei qui in insto seculo / Orlan. di Lassus -- Qui vult venire post me / Orlan. di Lassus -- In memoria aeterna erit justus / Orlan. di Lassus --
=505  0\$aCantate Domino canticum novum / Orlan. di Lassus -- Scribantur haec in generatione / Orlan. di Lassus -- Aegra currit ad medicum / Orlan. di Lassus -- Te Prophetarum laudabilis / Orlan. di Lassus -- Non avertas faciem tuam / Orlan. di Lassus -- Expectatio justorum laetitia / Orlan. di Lassus -- Et resurrexit tertia die / Lupi -- Crucifixus etiam pro nobis / Anton. Scandellus -- Sicut locutus est ad patres nostros / Orlan. di Lassus -- Et resurrexit tertia die / Lupi -- Tota die exprobrabant mihi inimici mei / Orlan. di Lassus-- Amici mei & proximi mei / Iacobi Reineri -- Putruerunt & corruptae sunt / Orlan. di Lassus -- Expandi manus meus ad te / Iacobi Reineri -- Occulus non vidit / Orlandus di Lassus -- Iustus cor suum tradet / Orlan. di Lassus -- Dirige nos, Domine / Orlan. di Lassus -- Expandi manus meas ad te / Orlan. di Lassus -- Crucifixus etiam pro obis / Iachet Berchem -- Pleni sunt coeli & terra / Finot -- Crucifixus etiam pro nobis / Certon -- Benedictus qui venit in nomine Domini / Vincent. Ruffi -- Crucifixus etiam pro nobis / Tiburt: Maissano -- Intellectum tibi dabo / Orlan. di Lassus -- Ipsa te cogat pietas / Orlan. di Lassus -- Te deprecamur largius / Orlan. di Lassus -- Qui sequitur me / Orlan. di Lassus -- Benedictus qui venit in nomine Domini / Gomberth -- Foelix est puerpera / Iacobi Handel -- Pleni sunt coeli & terra / Iachet -- Quoniam qui talia agunt / Orlan. di Lassus -- Pleni sunt coeli & terra / Anton. Gosuvinus -- Domine Deus, angus Dei / Orlan. di Lassus -- Beata cuius brachiis secli pependit / Orlan. di Lassus -- Beatus vir qui in sapientia morabitur / Orlan. di Lassus -- Beatus homo qui invenit sapientiam / Orlan. di Lassus -- Discedite à me omnes qui operamini iniquitatem / Orlan. di Lassus --
=505  0\$aFuigebunt justi sicut Lilium / Orlan. di Lassus -- Benedictus qui venit in nomine Domini / Vincentii Ruffi -- Crucifixus etiam pro nobis / Iosepho Guami -- Crucifixus etiam pro nobis / Orlan. di Lassus -- Et iterum venturus est / Melchior Schram -- Benedictus qui venit in nomine Domini / incerti autoris -- Sed & lingua mea, tota die / Iacobi Handel -- [Ricercare] / Giovanni de Antiquis -- Canon in diapason / Gio: Battista Pace -- [Ricercare] / Tarquinio Papa -- [Ricercare] / Gio: Francesco Palumbo -- [Ricercare] Resolutio / Fabritio Facciola -- [Ricercare] / Stefano Felis -- [Ricercare] / Cola Maria Pizziolis -- [Ricercare] / Giovanni de Antiquis -- [Ricercare] / incertus autor -- [Ricercare] / Gio: Francesco Capoani -- [Ricercare] / di incerto -- [Ricercare] / Cola Vincenzo Fanelli.
=510  4\$aRISM B/I,$c1591 ²⁷
=546  \\$aLatin words.
=650  \0$aDuets (Unspecified instruments (2))$vParts.
=650  \0$aMotets.
=650  \0$aSacred vocal duets.
=700  0\$aJosquin,$cdes Prez,$d-1521,$ecomposer.
=700  1\$aBerchem, Jachet de,$dactive 16th century,$ecomposer.
=700  1\$aCapoani, Giovanni Francesco,$ecomposer.
=700  1\$aCerton, Pierre,$d-1572,$ecomposer.
=700  1\$aDe Antiquis, Giovanni Giacomo,$ecomposer.
=700  1\$aFacciola, Fabritio,$ecomposer.
=700  1\$aFanelli, Cola Vincenzo,$ecomposer.
=700  1\$aFelis, Stefano,$dapproximately 1550-approximately 1603,$ecomposer.
=700  1\$aGerlach, Katharina,$dactive 1578-1591,$eprinter.
=700  1\$aGombert, Nicolas,$dactive 16th century,$ecomposer.
=700  1\$aGosswin, Anton,$dapproximately 1546-1597 or 1598,$ecomposer.
=700  1\$aGuami, Gioseffo,$d1542-1611,$ecomposer.
=700  1\$aHandl, Jacob,$d1550-1591,$ecomposer.
=700  1\$aLasso, Orlando di,$d1532-1594,$ecomposer.
=700  1\$aLassus, Rudolph de,$dapproximately 1563-1625,$ecomposer.
=700  1\$aLindner, Friedrich,$dapproximately 1542-1597,$ecompiler.
=700  1\$aLindner, Friedrich,$dapproximately 1542-1597,$eeditor.
=700  1\$aLupi, Johannes,$d-1539,$ecomposer.
=700  1\$aMassaino, Tiburtio,$dapproximately 1550-approximately 1609,$ecomposer.
=700  1\$aNasco, Giovanni,$dapproximately 1510-1561,$ecomposer.
=700  1\$aPace, Giovanni Battista,$dactive 1585-1591,$ecomposer.
=700  1\$aPalumbo, Giovan Francesco,$ecomposer.
=700  1\$aPapa, Tarquino,$ecomposer.
=700  1\$aPhinot, Dominique,$dapproximately 1510-approximately 1555,$ecomposer.
=700  1\$aPizziolis, Cola Maria,$ecomposer.
=700  1\$aReiner, Jacob,$d-1606,$ecomposer.
=700  1\$aRuffo, Vincenzo,$dapproximately 1508-1587,$ecomposer.
=700  1\$aScandello, Antonio,$d1517-1580,$ecomposer.
=700  1\$aSchram, Melchior,$ecomposer.
=710  2\$aKatharina Gerlach (Firm),$eprinter.
=752  \\$aGermany$dNuremberg.$2lcsh/naf
=856  41$uhttp://purl.org/rism/BI/1591/27$yDigitised score
=859  \\$aXLD$bDCW
=852  4\$cDRT$jDigital Store K.2.b.13.$aBritish Library$bMUSIC
=985  \\$aRecord amended for WR# 13/070
=985  \\$aname title to add; some name headings need work
=985  \\$aCorrected by MS generated file for WR# 1805-0738
=CAT  \\$aBATCH-DCW$b00$c20171203$lBLL01$h0857
=CAT  \\$a1805-0738$c20190111$lBLL01$h1807
=CAT  \\$a1805-0738$b00$c20190111$lBLL01$h1828
=FIN  \\$aY$d20171203
=LKR  \\$aPAR$lBLL01$r776$b004484271$mBicinia sacra /$nBicinia sacra /
=DGM  \\$a004484271$bCatBridge variable field
=DRT  \\$aDCW
=SRC  \\$aDCW$bDCW_20171202
=OHC  \\$a1
=LAS  \\$a1805-0738$b00$c20190111$lBLL01$h1828

