=LDR  04107 cm a22006497  4500
=001  018630823
=003  Uk
=005  20171203085732.0
=007  cr\mn\024mpada
=008  930323s1545\\\\be\||z\\s\\\\\\\\\\\lat\\
=FMT  \\$a  MU
=019  d\$aek11010009
=040  \\$aUk$beng$cUk
=041  \\$alat
=042  \\$aukblsr
=082  14$a780$215
=130  0\$aMissarum quatuor vocum,$nliber 2
=245  10$aMissarum quatuor vocum :$nLiber secundus /$ca prestantissimis musicis Nempe Ioan. Lupo hellingo. & Thomas Cricquillione. Compositarum catalogus hic infra designatur.
=264  \1$aAntuerpie :$bapud Tielmannum Susato,$c1545.
=300  \\$a4 part books ;$c26 x 19 cm (4º)
=336  \\$anotated music$2rdacontent
=337  \\$acomputer$2rdamedia
=338  \\$aonline$2rdacarrier
=340  \\$m4to$2rdabf
=500  \\$aA 'quinque vocum' is given in the bassus part book for the Agnus Dei of Anton. Barbe's Missa Vecy la dance de Barbarie.
=500  \\$aCollection of six masses in four parts (SATB).
=500  \\$aCopy at K.2.e.5.(2). Digitised score at http://purl.org/rism/BI/1545/1.$5Uk
=500  \\$aCopy at K.2.e.5.(2). SVPERIVS (20 leaves), CONTRA TENOR (20 leaves), TENOR (20 leaves plus half leaf), BASSVS (20 leaves); original foliation: Superius and bassus:[1] ii-xx Contra tenor:[1] ii- xii, v, xiiii, vii, xvi-xx Tenor: [1] ii-vii (half leaf) vii-xx; pape dimensions: 244 x 178 mm; an additional half leaf has been inserted into the tenor part book between fol. vi and vii (numbered fol.vii); this contains the tenor part for the 'Pleni ex missa Virgo mater saluatoris'.$5Uk
=500  \\$aThe contratenor part for Thomas Crecquillon's Missa Damours me plains is labelled as a bassus part (and is in the bass clef).
=500  \\$aTranscribed title page from superius part book: LIBER SECVNDVS / missarum Quatuor Vocum a / PRESTANTISSIMIS MUSICIS. NEMPE / Ioan. Lupo hellingo. & Thoma Cricquillione. COMPOSITARVM CATALOGVS / Hic infra designatur. / SVPERIVS / Missa intemerata Virgo Lupus Hellinc. / Missa. Virgo mater saluatoris Lupus Hellinc. / Missa. Damours me plains Tho. Cricquillon. / Missa. Kain in der vvelt Tho. Crecquillon / missa. Las il fauldra Tho. Cricquillon. / Missa. Vecy la da[n]se de Barbarie Antho. Barbe. / ANTVERPIE APVD TIELMANNVM / Sufato. Anno. M. D. XLV. / Cum Priuilegio.
=500  \\$aTwo additional parts are given for the Agnus Dei of Thomas Crecquillon's Missa Virgo mater saluatoris: one in the bassus part book and one is the tenor part book (both labelled as sexta pars).
=505  0\$aMissa. Intemerata Virgo / Lupus Hellinc -- Missa. Virgo Mater Saluatoris / Lupus Hellinc -- Missa. Damours me plains / Thomas Cricquillon -- Missa. Kain in der vvelt so schon / Thomas Cricquillo[n] -- Missa. Las il Fauldra / Thomas. Cricquillon -- Missa. Vecy la Danse de barabarie / An. Barbe.
=510  4\$aRISM B/I,$c1545 ¹
=510  4\$aU. Meissner, Der Antwerpener Notendrucker Tylman Susato (Berlin: Verlag Merseburger, 1967),$cvol. 2, pp. 35-36.
=546  \\$aLatin words.
=700  1\$aBarbe, Antoine,$d-1564,$ecomposer.
=700  1\$aCrecquillon, Thomas,$d-1557?,$ecomposer.
=700  1\$aHellinck, Lupus,$d-1541,$ecomposer.
=700  1\$aSusato, Tielman,$dactive 1529-1561,$eprinter.
=752  \\$aBelgium$dAntwerp.$2lcsh/nah
=856  41$uhttp://purl.org/rism/BI/1545/1$yDigitised score
=859  \\$aXLD$bDCW
=852  4\$cDRT$jDigital Store K.2.e.5.(2.)$aBritish Library$bMUSIC
=985  \\$aEarly Music Online project
=985  \\$aRecord amended for WR# 13/070
=985  \\$aname title to add
=985  \\$aCorrected by MS generated file for WR# 1805-0738
=CAT  \\$aBATCH-DCW$b00$c20171203$lBLL01$h0857
=CAT  \\$a1805-0738$c20190111$lBLL01$h1807
=CAT  \\$a1805-0738$b00$c20190111$lBLL01$h1828
=FIN  \\$aY$d20171203
=LKR  \\$aPAR$lBLL01$r776$b004513668$mMissarum quatuor vocum :$nMissarum quatuor vocum :
=DGM  \\$a004513668$bCatBridge variable field
=DRT  \\$aDCW
=SRC  \\$aDCW$bDCW_20171202
=OHC  \\$a1
=LAS  \\$a1805-0738$b00$c20190111$lBLL01$h1828

