=LDR  04229 cm a22006737  4500
=001  018630824
=003  Uk
=005  20171203085732.0
=007  cr\mn\024mpada
=008  930323s1546\\\\be\||z\\s\\\\\\\\\\\lat\\
=FMT  \\$a  MU
=019  d\$aek11010010
=040  \\$aUk$beng$cUk
=041  \\$alat
=042  \\$aukblsr
=082  14$a780$215
=130  0\$aMissarum quinque vocum,$nliber 1
=245  10$aMissarum quinque vocum :$nLiber primus /$ca diversis musicis compositarum, quarum nomina catalogus indicabit.
=264  \1$aAntuerpiae :$bapud Tylmannum Susato,$c1546.
=300  \\$a5 part books ;$c26 x 19 cm (4º)
=336  \\$anotated music$2rdacontent
=337  \\$acomputer$2rdamedia
=338  \\$aonline$2rdacarrier
=340  \\$m4to$2rdabf
=500  \\$aCollection of four masses in five parts.
=500  \\$aContra tenor part book has this poem on the cover (after the privilege): STEPHA. SCHYROTI PANNOII / Carmen in Altum. Non tibi qui lubos ueneris & lubrica cantas, / Sed numen recolis, fecimus illud opus. / Te quia par fuerat blandas optasse camoenas, / Quae captant molli pectora uana sono. / Hic clandum nihil est, est isthec musa pudoris / Ergo uale quisquis turpia plectra petis. (The superius has a 'Carmen in discantem' and the bassus a 'Carmen in Bassum' but on the verso of the first leaf.)
=500  \\$aCopy at K.2.e.5.(1.). Digitised score at http://purl.org/rism/BI/1546/3.$5Uk
=500  \\$aCopy at K.2.e.5.(1.). SVPERIVS (16 leaves), QVINTA PARS (16 leaves), CONTRA TENOR (16 leaves), TENOR (16 leaves plus one half leaf), BASSVS (16 leaves); original foliation: Superius, Quinta pars, Contra tenor, Bassus: [1] ii-xvi Tenor: [1] ii- xii (half leaf), xii- xvi; paper dimensions: 244 x 178 mm.$5Uk
=500  \\$aOnly the tenor part book contains the dedication. On the dedication page there is a woodcut of singer and a sackbut player standing round a choir book singing while the mass is celebrated.
=500  \\$aThe 'Agnus dei' in Thomas Crequillon's Missa Pis ne me Peult is for six voices (the sexta pars is included in the bassus part book).
=500  \\$aTranscribed title page from superius part book: LIBER PRIMVS / Missarum Qunique / VOCVM A DIVERSIS / Musicis Compositarum, Qua- / rum Nomina Catalo- / gus Indicabit. / SVPERIVS. / Missa. In illo te[m]pore cu[m] audisse[n]t Tylman Susato / Missa. Pis ne me peult venit Thomas Crecquillo[n] / Missa. Cuides vous que dieu Pe. de manchicourt / Missa. Mort ma priue Thomas Crecquillo[n] / ANTVERPIAE APUD / Tylmannum Susato. Anno / M. D. XLVI. / Cum Priuilegio.
=505  0\$aMissa. In Illo tempore Cum audissent apostoll. / Tylman Susato -- Missa. Pis ne me peult uenir. / Thomas. Crecquillo[n] -- Missa. Cuides vous que dieu nous faille. / Petrus de Manchicourt -- Missa Mosrt ma Priue / Tho. Crecquillon.
=510  4\$aRISM B/I,$c1546 ³
=510  4\$aU. Meissner, Der Antwerpener Notendrucker Tylman Susato (Berlin: Verlag Merseburger, 1967),$cvol. 2, pp. 51-54.
=546  \\$aLatin words.
=650  \0$aMasses$vParts.
=700  0\$aGeorg,$cvon Österreich, Prince-Bishop of Liège,$d1504?-1557,$ededicatee.
=700  1\$aCrecquillon, Thomas,$d-1557?,$ecomposer.
=700  1\$aManchicourt, Pierre de,$dapproximately 1510-1564,$ecomposer.
=700  1\$aPannonius, Stephan Schyroti.
=700  1\$aSusato, Tielman,$dactive 1529-1561,$eprinter,$ecomposer.
=752  \\$aBelgium$dAntwerp.$2lcsh/naf
=856  41$uhttp://purl.org/rism/BI/1546/3$yDigitised score
=859  \\$aXLD$bDCW
=852  4\$cDRT$jDigital Store K.2.e.5.(1.)$aBritish Library$bMUSIC
=985  \\$aEarly Music Online project
=985  \\$aRecord amended for WR# 13/070
=985  \\$aname title to add
=985  \\$aCorrected by MS generated file for WR# 1805-0738
=CAT  \\$aBATCH-DCW$b00$c20171203$lBLL01$h0857
=CAT  \\$a1805-0738$c20190111$lBLL01$h1807
=CAT  \\$a1805-0738$b00$c20190111$lBLL01$h1828
=FIN  \\$aY$d20171203
=LKR  \\$aPAR$lBLL01$r776$b004513669$mMissarum quinque vocum :$nMissarum quinque vocum :
=DGM  \\$a004513669$bCatBridge variable field
=DRT  \\$aDCW
=SRC  \\$aDCW$bDCW_20171202
=OHC  \\$a1
=LAS  \\$a1805-0738$b00$c20190111$lBLL01$h1828

