=LDR  03489 cm a22006617  4500
=001  018630825
=003  Uk
=005  20171203085732.0
=007  cr\mn\024mpada
=008  930323s1546\\\\be\||z\\s\\\\\\\\\\\und\\
=FMT  \\$a  MU
=019  d\$aek11010011
=040  \\$aUk$beng$cUk
=041  \\$alat
=042  \\$aukblsr
=082  14$a780$215
=130  0\$aMissarum quatuor vocum,$nliber 3
=245  10$aMissarum quatuor vocum :$nLiber tertius /$ca diversis musicis compositarum.
=264  \1$aAntuerpiae :$bapud Tylmannum Susato,$c1546.
=300  \\$a4 part books ;$c26 x 19 cm (4º)
=336  \\$anotated music$2rdacontent
=337  \\$acomputer$2rdamedia
=338  \\$aonline$2rdacarrier
=340  \\$m4to$2rdabf
=500  \\$aCollection of five masses in four parts (SATB).
=500  \\$aCopy at K.2.e.5.(3.). Digitised score at http://purl.org/rism/BI/1546/4.$5Uk
=500  \\$aCopy at K.2.e.5.(3.). SVPERIVS (20 leaves), CONTRA TENOR (20 leaves), TENOR (20 leaves plus one half leaf), BASSVS (18 leaves); original foliation: Superius, Contra tenor: [1] ii-xx. Tenor: [1] ii-xx (with a half leaf between fol. xv and xvi) Bassus: [1] ii-xviii; paper dimensions: 244 x 178 mm; an extra half leaf has been added between fol. xv and xvi in the tenor part book with the 'Agnus secundum'.$5Uk
=500  \\$aError on the titlepage: 'pcccata' should be 'peccata'.
=500  \\$aTranscribed title page from superius part book: LIBER TERTIVS / Missarum Quatuor / VOCVM A DIVERSIS / Musicis Compositarum, Qua- / rum Nomina catalo- gus Indicabit. / SVPERIVS. / Missa. Pcccata mea domine Lupus Hellinc. / Missa. O dei genitrix Io. Richafort. / Missa. Allemaigne Io. Mouton / Missa. Ie prens en gre. Tho. Crecquillo[n] / Missa. Gris &tanne. Pe. de ma[n]chicourt. / ANTVERPIAE APUD / Tylmannum Susato. Anno / M .D. XLVI. / Cum priuilegio.
=505  0\$aMissa. peccata mea Domine / Lupus Hellinc -- Missa. O dei genitrix / Io. Richafort -- Missa. Allemaigne / Io. Mouton -- Missa. Ie prens en gre / Tho Crecquillon -- Missa. Gris & tanne / Pe. de manchicourt.
=510  4\$aRISM B/I,$c1546 ⁴
=510  4\$aU. Meissner, Der Antwerpener Notendrucker Tylman Susato (Berlin: Verlag Merseburger, 1967), Vol.2, pp.54-55.
=546  \\$aLatin words.
=650  \0$aMasses$vParts
=700  1\$aCrecquillon, Thomas,$d-1557?,$ecomposer.
=700  1\$aHellinck, Lupus,$d-1541,$ecomposer.
=700  1\$aManchicourt, Pierre de,$dapproximately 1510-1564,$ecomposer.
=700  1\$aMouton, Jean,$d-1522,$ecomposer.
=700  1\$aRichafort, Jean,$dactive 1507-1548,$ecomposer.
=700  1\$aSusato, Tielman,$dactive 1529-1561,$eprinter.
=752  \\$aBelgium$dAntwerp.$2lcsh/naf
=856  41$uhttp://purl.org/rism/BI/1546/4$yDigitised score
=859  \\$aXLD$bDCW
=852  4\$cDRT$jDigital Store K.2.e.5.(3.)$aBritish Library$bMUSIC
=985  \\$aEarly Music Online project
=985  \\$aRecord amended for WR# 13/070
=985  \\$aname title to add
=985  \\$aCorrected by MS generated file for WR# 1805-0738
=CAT  \\$aBATCH-DCW$b00$c20171203$lBLL01$h0857
=CAT  \\$a1805-0738$c20190111$lBLL01$h1807
=CAT  \\$a1805-0738$b00$c20190111$lBLL01$h1828
=FIN  \\$aY$d20171203
=LKR  \\$aPAR$lBLL01$r776$b004513670$mMissarum quatuor vocum :$nMissarum quatuor vocum :
=DGM  \\$a004513670$bCatBridge variable field
=DRT  \\$aDCW
=SRC  \\$aDCW$bDCW_20171202
=OHC  \\$a1
=LAS  \\$a1805-0738$b00$c20190111$lBLL01$h1828

