=LDR  04934 cm a22007577  4500
=001  018630826
=003  Uk
=005  20171203085732.0
=007  cr\mn\024mpada
=008  930323s1532\\\\fr\||z\\s\\\\\\\\\\\lat\\
=FMT  \\$a  MU
=019  d\$afa04690001
=040  \\$aUk$beng$cUk
=041  \\$alat$glat
=042  \\$aukblsr
=082  14$a780$215
=245  00$aLiber decem missarum a praeclaris musicis contextus, nunq[uam] antehac in lucem aeditus :$bQuarum nomina & autores subsequentis pagine index commonstrat.
=264  \1$aLugduni :$bIacobus Modernus de Pinguento excudebat,$c[1532]
=300  \\$a1 choir book ;$c36 x 26 cm (folio)
=336  \\$anotated music$2rdacontent
=337  \\$acomputer$2rdamedia
=338  \\$aonline$2rdacarrier
=340  \\$mfolio$2rdabf
=500  \\$aCollection of masses and motets in four parts.
=500  \\$aCopy at K.2.i.29. 104 leaves; [1-2] ii, ii-xiii, xiii, xvi, xvi-xxxix, lx, xli-lxiii, lxviiii, xlv-liii, liii, liiii-ci; paper dimensions: 349 x 245 mm.$5Uk
=500  \\$aCopy at K.2.i.29. Digitised score at http://purl.org/rism/BI/1532/8.$5Uk
=500  \\$aIn Mouton's 'Quem dicunt homines' no separate music for the Agnus Dei is given, but the instruction: 'Agnus dei: vt supra Kyrie eleyson'.
=500  \\$aItems are cycles for the ordinary of the mass except for three motets (which are marked above): Layolle's 'Stephanus autem', 'Libera me' and 'Beati dei genetrix'.
=500  \\$aSamuel Pogue (Jacques Moderne, Lyons Music Printer of the Sixteenth Century (Geneva: Librairie Droz, 1969), pp.117-122) notes that the border on the title page is the same as that used by Kacques Mareschal on a Bible printed in 1525. The woodcut of the nativity is a copy of one by Hans Sprinkle used by Jean Clain in a Hortulus animae, 1517, and in Bibles printed by Jacques Sacon in 1519, 1521 and 1522. It was also copied by Jacques Mareschal for his Bible in 1523, 1525, 1526 and 1527. A third version was used by Jean Crespin for his Bibles in 1527, 1529 and 1540. This is the version used for the Liber Decem Missarum.
=500  \\$aThe last page is printed with black staves.
=500  \\$aTranscribed title page: LIBER DECEM MIS- / SARVM A PRAECLARIS / MUSICIS CONTEXTVS, / nunc[quam] antehac in lucem aeditus. Qua- / rum nomina & autores subse- / quentis pagine Index / commonstrat / Iacobus Modernus de Pinguento / excudebat Lugduni.
=500  \\$aWith index at the front, and on fol.ii a large woodcut of the nativity with the words 'Cantate domino canticum nouu[m]: quia mirabilia fecit' underneath.
=505  0\$aStephane gloriose / P. Moulu -- Stephan[us] aut[em] plenus gratia / F. de Layolle -- Adieu mes amours / F. de Layolle -- Libera me domine / Layolle -- Veni sponsa Christi / Richafort -- Beata dei genitrix / Layolle -- Que[m] dicu[n]t homines / Jo. Mouton -- Ces facheux sotz / Guillaume Preuost -- Si bona suscepimus / Gardane -- Ferrarie Dux Hercules / Lupus -- Jouissance / Jo. Sarton -- O salutaris hostia / F. de Layolle.
=510  4\$aRISM B/I,$c1532 ⁸
=510  4\$aSamuel F. Pogue, Jacques Moderne, Lyons Music Printer of the Sixteenth Century (Geneva: Librairie Droz, 1969),$cpp.117-122.
=546  \\$aWith dedication in Latin.
=650  \0$aMasses
=650  \0$aMotets
=700  0\$aLupus,$dactive 1518-1530,$ecomposer.
=700  1\$aCortot, Alfred,$d1877-1962,$eformer owner.$5Uk.
=700  1\$aEstaing, Charles d',$d-1522,$ededicatee.
=700  1\$aGardane, Antonio,$d1509-1569,$ecomposer.
=700  1\$aLayolle, Francesco de,$d1492-approximately 1540,$ecomposer.
=700  1\$aModerne, Jacques,$dactive 1523-1544,$eprinter.
=700  1\$aMoulu, Pierre,$ecomposer.
=700  1\$aPrevost, Guillaume,$d16th century,$ecomposer.
=700  1\$aRichafort, Jean,$dactive 1507-1548,$ecomposer.
=700  1\$aSarton, Joannes,$ecomposer.
=752  \\$aFrance$dLyon.$2lcsh/naf
=856  41$uhttp://purl.org/rism/BI/1532/8$yDigitised score
=859  \\$aXLD$bDCW
=852  4\$cDRT$jDigital Store K.2.i.29.$aBritish Library$bMUSIC
=985  \\$aEarly Music Online project
=985  \\$aRecord amended for WR# 13/070
=985  \\$aname title to add
=985  \\$aCorrected by MS generated file for WR# 1805-0738
=CAT  \\$aBATCH-DCW$b00$c20171203$lBLL01$h0857
=CAT  \\$a1805-0738$c20190111$lBLL01$h1807
=CAT  \\$a1805-0738$b00$c20190111$lBLL01$h1828
=FIN  \\$aY$d20171203
=LKR  \\$aPAR$lBLL01$r776$b004530368$mLiber decem missarum a praeclaris musicis contextus, nunq[uam] antehac in lucem aeditus : Quarum nomina & autores subsequentis pagine index commonstrat.$nLiber decem missarum a praeclaris musicis contextus, nunq[uam] antehac in lucem aeditus : Quarum nomina & autores subsequentis pagine index commonstrat.
=DGM  \\$a004530368$bCatBridge variable field
=DRT  \\$aDCW
=SRC  \\$aDCW$bDCW_20171202
=OHC  \\$a1
=LAS  \\$a1805-0738$b00$c20190111$lBLL01$h1828

