=LDR  04679 cm a2200745 a 4500
=001  018630827
=003  Uk
=005  20171203085732.0
=007  cr\mn\024mpada
=008  930323s1556\\\\sz\moz\\s\\\\\\\\\\\lat\\
=FMT  \\$a  MU
=019  d\$acd10770022
=019  d\$afa20780061
=040  \\$aUk$beng$cUk
=042  \\$aukblsr
=082  04$a782.526$223
=100  1\$aClemens non Papa, Jacobus,$dapproximately 1510-approximately 1555.
=240  10$aMotets,$mvoices (5).$kSelections
=245  10$aQuintus liber modulorum, quinque vocum :$b(quos vulgus moteta vocat) /$cab excellentissimo musico Clemente non Papa nunc primùm omni studio ac diligentia in lucem aeita.
=264  \1$a[Geneva] :$bEx Officina Simonis à Bosco,$c1556.
=300  \\$a5 part books ;$c9 x 11 cm (oblong 16º)
=336  \\$anotated music$2rdacontent
=337  \\$acomputer$2rdamedia
=338  \\$aonline$2rdacarrier
=340  \\$m16mo$2rdabf
=500  \\$aCollection of motets in five parts by Clemens non Papa.
=500  \\$aCopy at K.2.b.11.(5.). BASSVS; Paper dimensions: 600 x 805 mm.$5Uk
=500  \\$aCopy at K.2.b.11.(5.). Digitised score at http://purl.org/rism/AI/C2685.$5Uk
=500  \\$aTranscribed title page from bassus part book: QVINTVS / LIBER MODVLORVM, QVINQVE / VOCVM, (QVOS VVLGVS MOTETA VOCAT) / ab excellentissimo musico Clemente non Papa nunc pri- / mùm omni studio ac diligentia in lucem aedita. / BASSVS. / Ex Officina Simonis à Bosco. / 1556.
=505  0\$aIte in orbem universum (secunda pars: Signa eos qui in me credent) -- Pastores quidnam vidistis (secunda par: Natum vidimus & choros Angelorum) -- Angelus Domini ad pastores ait (secunda pars: Parvulus filius hodie natus est) -- Ego sum panis vivus (secunda pars: Et panis quem ego dabo) -- Misit me vivens pater (secunda pars: [C]Ibavit me Dominus) -- Qui consolabatur me -- Super ripam Iordanis stabat beatus Ioannes (secunda pars: Vox de coelo sonuit) -- Servus tuus ego sum (secunda pars: Ego vero egenus & pauper sum) -- Ascendit Deus in iubilatione (secunda pars: Ascendens Christus in altum) -- Ad esto dolori meo (secunda pars: Interiora mea efferbuerunt) -- Ierusalem surge & sta in excelso (secunda pars: Leva incircuitu oculos).
=510  4\$aLaurent Guillo, Les editions musicales de la Renaissance Lyonnaise (Paris: Klincksieck, 1991),$cIndex no. 20
=510  4\$aRISM A/I,$cC 2685
=546  \\$aLatin words.
=650  \0$aMotets.
=700  1\$aDu Bosc, Simon,$d-1556 or 1557,$eprinter.
=700  1\$aGumpeltzhaimer, Adam,$d1559-1625,$eformer owner.$5Uk.
=700  12$aClemens non Papa, Jacobus,$dapproximately 1510-approximately 1555.$tAdesto dolori meo.
=700  12$aClemens non Papa, Jacobus,$dapproximately 1510-approximately 1555.$tAngelus Domini,$mvoices (5)
=700  12$aClemens non Papa, Jacobus,$dapproximately 1510-approximately 1555.$tAscendit Deus in jubilatione.
=700  12$aClemens non Papa, Jacobus,$dapproximately 1510-approximately 1555.$tEgo sum panis vivus,$mvoices (5)
=700  12$aClemens non Papa, Jacobus,$dapproximately 1510-approximately 1555.$tIte in orbem.
=700  12$aClemens non Papa, Jacobus,$dapproximately 1510-approximately 1555.$tJerusalem surge.
=700  12$aClemens non Papa, Jacobus,$dapproximately 1510-approximately 1555.$tMisit me vivens Pater.
=700  12$aClemens non Papa, Jacobus,$dapproximately 1510-approximately 1555.$tPastores quidnam vidistis.
=700  12$aClemens non Papa, Jacobus,$dapproximately 1510-approximately 1555.$tQui consolabatur me.
=700  12$aClemens non Papa, Jacobus,$dapproximately 1510-approximately 1555.$tServus tuus.
=700  12$aClemens non Papa, Jacobus,$dapproximately 1510-approximately 1555.$tSuper ripam Jordanis.
=710  2\$aSimon du Bosc (Firm),$eprinter.
=752  \\$aSwitzerland$dGeneva.$2lcsh/naf
=856  41$uhttp://purl.org/rism/AI/C2685$yDigitised score
=859  \\$aXLD$bDCW
=852  4\$cDRT$jDigital Store K.2.b.11.(5.)$aBritish Library$bMUSIC
=985  \\$aRecord amended for WR# 13/070
=985  \\$aheading for Simon Du Bosc needs work
=985  \\$aCorrected by MS generated file for WR# 1805-0738
=CAT  \\$aBATCH-DCW$b00$c20171203$lBLL01$h0857
=CAT  \\$a1805-0738$c20190111$lBLL01$h1807
=CAT  \\$a1805-0738$b00$c20190111$lBLL01$h1828
=FIN  \\$aY$d20171203
=LKR  \\$aPAR$lBLL01$r776$b004538677$mQuintus liber modulorum, quinque vocum : (quos vulgus moteta vocat) /$nQuintus liber modulorum, quinque vocum : (quos vulgus moteta vocat) /
=DGM  \\$a004538677$bCatBridge variable field
=DRT  \\$aDCW
=SRC  \\$aDCW$bDCW_20171202
=OHC  \\$a2
=LAS  \\$a1805-0738$b00$c20190111$lBLL01$h1828

