=LDR  04946 cm a2200733 a 4500
=001  018630828
=003  Uk
=005  20171203085732.0
=007  cr\mn\024mpada
=008  930323s1556\\\\sz\moz\\s\\\\\\\\\\\lat\\
=FMT  \\$a  MU
=019  d\$afa20780062
=040  \\$aUk$beng$cUk
=042  \\$aukblsr
=082  04$a782.526$223
=245  00$aSextus liber modulorum, quatuor, quinque et sex vocum :$b(quos vulgus moteta vocat) /$cà quibusuis celeberrimis authoribus excerptus, & nunc primùm in lucem aeditus.
=264  \1$a[Geneva] :$bEx Officina Simonis à Bosco,$c1556.
=300  \\$a5 part books ;$c9 x 11 cm (oblong 16º)
=336  \\$anotated music$2rdacontent
=337  \\$acomputer$2rdamedia
=338  \\$aonline$2rdacarrier
=340  \\$m16mo$2rdabf
=500  \\$aCollection of motets in 4-6 parts; first two for 6 voices; Jacquet's 'Vado parare', Maillart's 'Ascendo ad patrem', Phinot's 'Repleti sunt omnes' and Gombert's 'Pater noster' and 'Vias tuas Domine' for 5 voices; the remainder for 4 voices.
=500  \\$aCopy at K.2.b.11.(6.). BASSVS (33 leaves); original pagination: [1-4] 3-57 [58-64]; paper dimensions: 600 x 805 mm.$5Uk
=500  \\$aCopy at K.2.b.11.(6.). Digitised score at http://purl.org/rism/BI/1556/10.$5Uk
=500  \\$aTranscribed title page from bassus part book: SEXTVS / LIBER MODVLORVM, QVATVOR, / QVINQVE ET SEX VOCVM, (QVOS VVLGVS / Moteta vocat) à quibusuis celeberrimis authoribus excer- / ptus,& nunc primùm in lucem aeditus. / BASSVS. / Ex Officina Simonis à Bosco. / 1556.
=500  \\$aWith pages of blank printed staves.
=505  0\$aSustinuimus pacem, & non venit (secunda pars: Peccavimus impie egimus) / D. Phinot -- O vos omnes qui transitis (secunda pars: Attendite universi populi) / M. Gosse -- Non turbetur cor vestrum (secunda pars: Ego rogabo patrem) / D. Phinot -- Tanto tempore vodiscum sum / D. Phinot -- Si quis diligit me / Ville Font -- Vado parare vobis locum (secunda pars: Accipietis virtutem super) / Iacquet -- Ascendo ad patrem meum / Maillart -- Repleti sunt omnes Spiritu Sancto / D. Phinot -- O altitudo divitiarum sapientiae / D. Phinot -- Pater noster qui es in coelis / Gombert -- Vias tuas Domine demonstra mihi (secunda pars: Trahe nos ad portum maris) / Gombert -- Congratulamini mihi omnes / C. non Papa.
=510  4\$aHarry B. Lincoln, The Latin motet: indexes to printed collections, 1500-1600 (Ottawa: Institute of Medieval Music, 1993).
=510  4\$aLaurent Guillo, Les editions musicales de la renaissance Lyonnaise (Paris: Klincksieck, 1991),$cIndex No. 21
=510  4\$aRISM B/I,$c1556 ¹⁰
=546  \\$aLatin words.
=650  \0$aMotets.
=700  02$aJacquet,$cof Mantua,$d1483-1559.$tVado parare vobis locum.
=700  1\$aDu Bosc, Simon,$d-1556 or 1557,$eprinter.
=700  1\$aGumpeltzhaimer, Adam,$d1559-1625,$eformer owner.$5Uk.
=700  12$aClemens non Papa, Jacobus,$dapproximately 1510-approximately 1555.$tCongratulamini mihi omnes$n(1547)
=700  12$aGombert, Nicolas,$dactive 16th century.$tMotets,$mvoices (5),$nbook 1.$pPater noster.
=700  12$aGombert, Nicolas,$dactive 16th century.$tMotets,$mvoices (5),$nbook 1.$pVias tuas Domine.
=700  12$aGosse,$cMaistre,$dactive 1520-1565.$tO vos omnes.
=700  12$aMaillard, Jean,$dactive 1538-1572.$tAscendo ad Patrem meum.
=700  12$aPhinot, Dominique,$dapproximately 1510-approximately 1555.$tMotets,$mvoices (5),$nbook 1.$pNon turbetur cor vestrum.
=700  12$aPhinot, Dominique,$dapproximately 1510-approximately 1555.$tMotets,$mvoices (5),$nbook 1.$pRepleti sunt omnes spiritu sancto.
=700  12$aPhinot, Dominique,$dapproximately 1510-approximately 1555.$tMotets,$mvoices (6-8).$pSustinuimus pacem.
=700  12$aPhinot, Dominique,$dapproximately 1510-approximately 1555.$tO altitudo divitiarum.
=700  12$aPhinot, Dominique,$dapproximately 1510-approximately 1555.$tTanto tempore vobiscum sum,$mvoices (4)
=700  12$aVillefont.$tSi quis diligit me.
=710  2\$aSimon du Bosc (Firm),$eprinter.
=752  \\$aSwitzerland$dGeneva.$2lcsh/naf
=856  41$uhttp://purl.org/rism/BI/1556/10$yDigitised score
=859  \\$aXLD$bDCW
=852  4\$cDRT$jDigital Store K.2.b.11.(6.)$aBritish Library$bMUSIC
=985  \\$aRecord amended for WR# 13/070
=985  \\$aCorrected by MS generated file for WR# 1805-0738
=CAT  \\$aBATCH-DCW$b00$c20171203$lBLL01$h0857
=CAT  \\$a1805-0738$c20190111$lBLL01$h1807
=CAT  \\$a1805-0738$b00$c20190111$lBLL01$h1828
=FIN  \\$aY$d20171203
=LKR  \\$aPAR$lBLL01$r776$b004538678$mSextus liber modulorum, quatuor, quinque et sex vocum : (quos vulgus moteta vocat) /$nSextus liber modulorum, quatuor, quinque et sex vocum : (quos vulgus moteta vocat) /
=DGM  \\$a004538678$bCatBridge variable field
=DRT  \\$aDCW
=SRC  \\$aDCW$bDCW_20171202
=OHC  \\$a2
=LAS  \\$a1805-0738$b00$c20190111$lBLL01$h1828

