=LDR  04617 cm a2200697 a 4500
=001  018630829
=003  Uk
=005  20171203085732.0
=007  cr\mn\024mpada
=008  930323s1556\\\\sz\moz\\s\\\\\\\\\\\lat\\
=FMT  \\$a  MU
=019  d\$afa20780063
=040  \\$aUk$beng$cUk
=042  \\$aukblsr
=082  04$a782.526$223
=245  00$aSeptimus liber modulorum, quatuor, quinque et sex vocum :$b(quos vulgus moteta vocat) /$cà quibusuis celeberrimis authoribus excerptus, & nunc primùm in lucem aeitus.
=264  \1$a[Geneva] :$bEx Officina Simonis à Bosco,$c1556.
=300  \\$a5 part books ;$c9 x 11 cm (oblong 16º)
=336  \\$anotated music$2rdacontent
=337  \\$acomputer$2rdamedia
=338  \\$aonline$2rdacarrier
=340  \\$m16mo$2rdabf
=500  \\$aA collection of motets in 4-6 parts; the first two motets for 6 voices, numbers 3-6 and the final two motets are for 5 voices; the remainder for 4 voices.
=500  \\$aCopy at K.2.b.11.(7.). Bassus (32 leaves); original pagination: [1-3] 4-58 [59-64]; paper dimensions: 600 x 805 mm.$5Uk
=500  \\$aCopy at K.2.b.11.(7.). Digitised score at http://purl.org/rism/BI/1556/11.$5Uk
=500  \\$aTranscribed title page from bassus part book: SEPTIMVS / LIBER MODULORVM, QVATVOR, / QVINQVE ET SEX VOCVM, (QVOS VVLGVS / Moteta vocat) à quibusuis celeberrimis authoribus excer- / ptus,& nunc primùm in lucem aeditus. / BASSVS. / Ex Officina Simonis à Bosco. / 1556.
=500  \\$aWith pages of blank printed staves at the end.
=505  0\$aPeccata mea sicut sagite (Secunda pars: Quoniam iniquitatem meam) / Gombert -- Si bona suscepimus de manu Domini / Incerti auctor -- Sit nomen Domini benedictum (secunda pars: Nudus egressus sum) / D. Phinot -- Hoc est praeceptum meum / D. Phinot -- Usquequo Domine obliuisce (secunda pars: Illumina oculos meos) / D. Phinot -- Mane surgens Iacob erigebat lapidem (secunda pars: Erit mihi Dominus in Deum) / Chastelyn -- Domus mea, Domus orationis vocabitur / F. Lupino -- Coenantibus illis accepit Iesus / Iacques de Pont -- Expurgate vetus fermentum (secunda pars: Itaque epulemur non in fermento) / Crequillon -- Ab oriente venerunt magi (secunda pars: Videntes autem stellam gauisi sunt) / C. non Papa.
=510  3\$aHarry B. Lincoln, The Latin motet: indexes to printed collections, 1500-1600 (Ottawa: Institute of Medieval Music, 1993).
=510  4\$aLaurent Guillo, Les editions musicales de la renaissance Lyonnaise (Paris: Klincksieck, 1991),$cIndex no. 22
=510  4\$aRISM B/I,$c1556 ¹¹
=546  \\$aLatin words.
=650  \0$aMotets.
=700  1\$aDu Bosc, Simon,$d-1556 or 1557,$eprinter.
=700  1\$aGumpeltzhaimer, Adam,$d1559-1625,$eformer owner.$5Uk.
=700  12$aChastelain, Charles,$dapproximately 1490-1578.$tMane surgens Jacob.
=700  12$aClemens non Papa, Jacobus,$dapproximately 1510-approximately 1555.$tAb oriente venerunt magi.
=700  12$aCrecquillon, Thomas,$d-1557?.$tExpurgate vetus fermentum,$nno. 1.
=700  12$aGombert, Nicolas,$dactive 16th century.$tPeccata mea sicut sagittae.
=700  12$aLupino, Francesco,$dapproximately 1500-approximately 1572.$tDomus mea, Domus orationis.
=700  12$aPhinot, Dominique,$dapproximately 1510-approximately 1555.$tMotets,$mvoices (5),$nbook 1.$pHoc est praeceptum meum.
=700  12$aPhinot, Dominique,$dapproximately 1510-approximately 1555.$tMotets,$mvoices (5),$nbook 1.$pUsque quo Domine oblivisceris me.
=700  12$aPhinot, Dominique,$dapproximately 1510-approximately 1555.$tMotets,$mvoices (6-8).$pSit nomen Domini benedictum.
=700  12$aPonte, Giaches de,$dactive 16th century.$tCenantibus illis accepit Jesus panem.
=710  2\$aSimon du Bosc (Firm),$eprinter.
=752  \\$aSwitzerland$dGeneva.$2lcsh/naf
=856  41$uhttp://purl.org/rism/BI/1556/11$yDigitised score
=859  \\$aXLD$bDCW
=852  4\$cDRT$jDigital Store K.2.b.11.(7.)$aBritish Library$bMUSIC
=985  \\$aRecord amended for WR# 13/070
=985  \\$aCorrected by MS generated file for WR# 1805-0738
=CAT  \\$aBATCH-DCW$b00$c20171203$lBLL01$h0857
=CAT  \\$a1805-0738$c20190111$lBLL01$h1807
=CAT  \\$a1805-0738$b00$c20190111$lBLL01$h1828
=FIN  \\$aY$d20171203
=LKR  \\$aPAR$lBLL01$r776$b004538679$mSeptimus liber modulorum, quatuor, quinque et sex vocum : (quos vulgus moteta vocat) /$nSeptimus liber modulorum, quatuor, quinque et sex vocum : (quos vulgus moteta vocat) /
=DGM  \\$a004538679$bCatBridge variable field
=DRT  \\$aDCW
=SRC  \\$aDCW$bDCW_20171202
=OHC  \\$a2
=LAS  \\$a1805-0738$b00$c20190111$lBLL01$h1828

