=LDR  04350 cm a22006977  4500
=001  018630830
=003  Uk
=005  20171203085732.0
=007  cr\mn\024mpada
=008  930323s1560\\\\sz\||z\\s\\\\\\\\\\\ita\\
=FMT  \\$a  MU
=019  d\$afa20780075
=040  \\$aUk$beng$cUk
=041  \\$alat
=042  \\$aukblsr
=082  04$a782.526$223
=245  00$aPrimus liber modulorum, quatuor et quinque vocum :$b(quos vulgus motteta vocat) /$cà quibusuis celeberrimis authoribus excerptus.
=264  \1$a[Geneva] :$bApud Iacobum Arbillium,$c[1560?]
=300  \\$a5 part books ;$c9 x 11 cm (oblong 16º)
=336  \\$anotated music$2rdacontent
=337  \\$acomputer$2rdamedia
=338  \\$aonline$2rdacarrier
=340  \\$m16mo$2rdabf
=500  \\$aCollection of motets in four or five parts with index. All motets are in five parts, except for Colin's 'Saluum me fac' and 'Deus in nomine tuo' Brugiere's 'Responsum acceperat' and Gombert's 'Christe fili Dei', which are for four voices. All the compositions are to be found in the "Tertius Liber Modulorum," printed by S. à Bosco and G. Gueroult in 1555.
=500  \\$aCopy at K.2.b.11.(1.). BASSVS (22 leaves); paper dimensions: 600 x 805 mm.$5Uk
=500  \\$aCopy at K.2.b.11.(1.). Digitised score at http://purl.org/rism/BI/1558/8.$5Uk
=500  \\$aTranscribed title page from bassus part book: PRIMVS / LIBER MODVLORVM, / QVATVOR ET QVINQVE VO- / cum, (quos vulgus Motteta vocat) à quibusuis / celeberrimis authoribus excerptus. / BASSVS. / Apud Iacobum Arbillium.
=505  0\$aIn te Domine speravi non confundar / Clemens non Papa -- Concussum est mare & contremuit terra (secunda pars: Factum est silentium in coelo) / Clemens non Papa -- Salvum me fac Deus / Pierre Colin -- Domine ostende nobis patrem / Maillard -- Deus in nomine tuo salvum me fac (secunda pars: Inimicis meis & in veritate tua) / Pierre Colin -- Decantabat populus in Israel / Clemens non Papa -- Responsum acceperat / Simeon -- Iean de la Bruguiere -- Si diligis me, Simon Petre / B. de la Combe -- Christe fili Dei Gloria / Gombert -- Deus misereatur (secunda pars: Et exultent gentes) / Claudin.
=510  1\$aHarry B. Lincoln, The Latin Motet: Indexes to Printed Collections, 1500-1600 (Ottawa: Institute of Medieval Music, 1993).
=510  4\$aLaurent Guillo, Les editions musicales de la Renaissance Lyonnaise (Paris: Klincksieck, 1991),$cIndex no. 32
=510  4\$aRISM B/I,$c1558 ⁸
=546  \\$aLatin words.
=650  \0$aMotets.
=700  1\$aArbilly, Jacques d',$eprinter.
=700  1\$aGumpeltzhaimer, Adam,$d1559-1625,$eformer owner.$5Uk.
=700  12$aBruguiere, Jean de la.$tResponsum acceperat Simeon.
=700  12$aClemens non Papa, Jacobus,$dapproximately 1510-approximately 1555.$tConcussum est mare.
=700  12$aClemens non Papa, Jacobus,$dapproximately 1510-approximately 1555.$tDecantabat populus in Israel.
=700  12$aClemens non Papa, Jacobus,$dapproximately 1510-approximately 1555.$tIn te Domine speravi.
=700  12$aColin, Pierre,$dactive 1538-1565.$tDeus in nomine tuo.
=700  12$aColin, Pierre,$dactive 1538-1565.$tSalvum me fac Deus.
=700  12$aGombert, Nicolas,$dactive 16th century.$tChriste fili Dei.
=700  12$aLa Combe, B de.$tSi diligis me, Simon Petre.
=700  12$aMaillard, Jean,$dactive 1538-1572.$tDomine ostende nobis patrem.
=700  12$aSermisy, Claudin de,$dapproximately 1490-1562.$tDeus misereatur nostri.
=752  \\$aSwitzerland$dGeneva.$2lcsh/naf
=856  41$uhttp://purl.org/rism/BI/1558/8$yDigitised score
=859  \\$aXLD$bDCW
=852  4\$cDRT$jDigital Store K.2.b.11.(1.)$aBritish Library$bMUSIC
=985  \\$aRecord amended for WR# 13/070
=985  \\$aCorrected by MS generated file for WR# 1805-0738
=CAT  \\$aBATCH-DCW$b00$c20171203$lBLL01$h0857
=CAT  \\$a1805-0738$c20190111$lBLL01$h1807
=CAT  \\$a1805-0738$b00$c20190111$lBLL01$h1828
=FIN  \\$aY$d20171203
=LKR  \\$aPAR$lBLL01$r776$b004538690$mPrimus liber modulorum, quatuor et quinque vocum : (quos vulgus motteta vocat) /$nPrimus liber modulorum, quatuor et quinque vocum : (quos vulgus motteta vocat) /
=DGM  \\$a004538690$bCatBridge variable field
=DRT  \\$aDCW
=SRC  \\$aDCW$bDCW_20171202
=OHC  \\$a1
=LAS  \\$a1805-0738$b00$c20190111$lBLL01$h1828

