=LDR  04725 cm a2200709 a 4500
=001  018630831
=003  Uk
=005  20171203085732.0
=007  cr\mn\024mpada
=008  930323s1560\\\\sz\moz\\s\\\\\\\\\\\lat\\
=FMT  \\$a  MU
=019  d\$afa20780076
=040  \\$aUk$beng$cUk
=041  \\$alat
=042  \\$aukblsr
=082  04$a782.526$223
=100  1\$aClemens non Papa, Jacobus,$dapproximately 1510-approximately 1555.
=240  10$aMotets,$mvoices (4-5).$kSelections
=245  10$aSecundus liber modulorum, quatuor et quinque vocum :$b(quos vulgus motteta vocat) /$cà Clemente non Papa excellentissimo musico, excerptus.
=264  \1$a[Geneva] :$bApud Iacobum Arbillum,$c[ca. 1558-1560?]
=300  \\$a5 part books ;$c9 x 11 cm (oblong 16º)
=336  \\$anotated music$2rdacontent
=337  \\$acomputer$2rdamedia
=338  \\$aonline$2rdacarrier
=340  \\$m16mo$2rdabf
=500  \\$aCollection of motets by Clemens non Papa in five parts, with the exception of 'Domine clamavi' and the final three motets which are for four voices.
=500  \\$aCopy at K.2.b.11.(2.). BASSVS (25 leaves); paper dimensions: 600 x 805 mm. Blank leaves before the title page and after the index have the ends of thin leather ribbons attached, suggesting that the book could originally have have been tied closed.$5Uk
=500  \\$aCopy at K.2.b.11.(2.). Digitised score at http://purl.org/rism/AI/C2684.$5Uk
=500  \\$aTranscribed title page from bassus part book: SECVNDVS / LIBER MODVLORVM, / QVATVOR ET QVINQVE VO- / cum, (quos vulgus Motteta vocat) à Clemente / non Papa excellentissimo musico, excerptus. / BASSVS. / Apud Iacobum Arbillum.
=500  \\$aWith index at the end. The two pages before the index contain blank printed staves.
=505  0\$aDomine quis habitabit in tabernaculo tuo (secunda pars: Nec fecit proximo suo malum) / Clemente non Papa -- Exaltabo te Domino quoniam suscepi stime (secunda pars: Ad te Domine clamabo) / Clemente non Papa -- Domine clamavi ad te (secunda pars: Vide humilitatem meam) / Clemente non Papa -- Confunda[n]tur omnes qui me persequu[n]tur / Clemente non Papa -- Fac mecum signu[m] in bonum (secunda pars: Illumina oculos meos) / Clemente non Papa -- Assumpsit Iesus Petrum & Iacobum (secunda pars: Ecce vox de nube dicens) / Clemente non Papa -- Erravi sicut ovis quae periit (secunda pars: Delicta iuventutis mea) / Clemente non Papa -- Vide Domine quoniam tribulor (secunda pars: Quis dabit capiti meo aquam?) / Clemente non Papa -- Tribulationes civitatum audivimus / Clemente non Papa.
=510  4\$aLaurent Guillo, Les editions musicales de la Renaissance Lyonnaise (Paris: Klincksieck, 1991),$cIndex no. 33
=510  4\$aRISM A/I,$cC 2684
=546  \\$aLatin words.
=650  \0$aMotets.
=700  1\$3former owner.$aGumpeltzhaimer, Adam,$d1559-1625$5Uk.
=700  1\$aArbilly, Jacques d',$eprinter.
=700  12$aClemens non Papa, Jacobus,$dapproximately 1510-approximately 1555.$tAssumpsit Jesus.
=700  12$aClemens non Papa, Jacobus,$dapproximately 1510-approximately 1555.$tConfundantur omnes,$mvoices (5)
=700  12$aClemens non Papa, Jacobus,$dapproximately 1510-approximately 1555.$tDomine clamavi.
=700  12$aClemens non Papa, Jacobus,$dapproximately 1510-approximately 1555.$tDomine quis habitabit.
=700  12$aClemens non Papa, Jacobus,$dapproximately 1510-approximately 1555.$tErravi sicut ovis.
=700  12$aClemens non Papa, Jacobus,$dapproximately 1510-approximately 1555.$tExaltabo te Domine.
=700  12$aClemens non Papa, Jacobus,$dapproximately 1510-approximately 1555.$tFac mecum signum.
=700  12$aClemens non Papa, Jacobus,$dapproximately 1510-approximately 1555.$tTribulationes civitatum.
=700  12$aClemens non Papa, Jacobus,$dapproximately 1510-approximately 1555.$tVide Domine quoniam tribulor.
=752  \\$aSwitzerland$dGeneva.$2lcsh/naf
=856  41$uhttp://purl.org/rism/AI/C2684$yDigitised score
=859  \\$aXLD$bDCW
=852  4\$cDRT$jDigital Store K.2.b.11.(2.)$aBritish Library$bMUSIC
=985  \\$aRecord amended for WR# 13/070
=985  \\$aCorrected by MS generated file for WR# 1805-0738
=CAT  \\$aBATCH-DCW$b00$c20171203$lBLL01$h0857
=CAT  \\$a1805-0738$c20190111$lBLL01$h1807
=CAT  \\$a1805-0738$b00$c20190111$lBLL01$h1828
=FIN  \\$aY$d20171203
=LKR  \\$aPAR$lBLL01$r776$b004538691$mSecundus liber modulorum, quatuor et quinque vocum : (quos vulgus motteta vocat) /$nSecundus liber modulorum, quatuor et quinque vocum : (quos vulgus motteta vocat) /
=DGM  \\$a004538691$bCatBridge variable field
=DRT  \\$aDCW
=SRC  \\$aDCW$bDCW_20171202
=OHC  \\$a1
=LAS  \\$a1805-0738$b00$c20190111$lBLL01$h1828

