=LDR  04545 cm a22007337  4500
=001  018630832
=003  Uk
=005  20171203085732.0
=007  cr\mn\024mpada
=008  930323s1560\\\\sz\moz\\s\\\\\\\\\\\lat\\
=FMT  \\$a  MU
=019  d\$afa20780077
=040  \\$aUk$beng$cUk
=041  \\$alat
=042  \\$aukblsr
=082  04$a782.526$223
=245  00$aTertius liber modulorum, quatuor et quinque vocum :$b(quos vulgus Motteta vocat) /$cà quibusuis celeberrimis authoribus excerptus.
=264  \1$a[Geneva] :$bMichaelis Syluij Typis,$c[1560?]
=300  \\$a5 part books ;$c9 x 11 cm (oblong 16º)
=336  \\$anotated music$2rdacontent
=337  \\$acomputer$2rdamedia
=338  \\$aonline$2rdacarrier
=340  \\$m16mo$2rdabf
=500  \\$aCollection of motets in five parts except for Goudimel's 'Videntes stellam magi' and 'Hodie nobis caelorum', for four voices.
=500  \\$aCopy at K.2.b.11.(3.). Bassus (24 leaves); paper dimensions: 600 x 805 mm.$5Uk
=500  \\$aCopy at K.2.b.11.(3.). Digitised score at http://purl.org/rism/BI/1559/4.$5Uk
=500  \\$aFinal leaf contains blank printed staves.
=500  \\$aThe attribution to Clemens non Papa for 'Domine non est exaltatum' is given only in the index.
=500  \\$aThe first six of the motets in this volume occur in the "Quartus Liber Modulorum," published by S. à Bosco and G. Gueroult in 1555.
=500  \\$aTranscribed title page from bassus part book: TERTIVS / LIBER MODVLORVM, / QVATVOR ET QVINQVE VO- / cum, (quos vulgus Motteta vocat) à quibusuis / celeberrimis authoribus excerptus. / Bassvs. / Michaelis Syluij / TYPIS.
=500  \\$aWith index.
=505  0\$aCongratulamini mihi omnes (secunda pars: Tulerunt Dominum meum) / Crecquillon -- Vide[n]tes stellam magi / Goudimel -- Hodie nobis caelorum rex (secunda pars: Gloria in excelis Deo) / Goudimel -- Dum complerentur dies Pe[n]thecostes (secunda pars: Repleti sunt omnes spiritu sancto) / Clemens non papa -- Domine, nonne bonu[m] seme[n] seminasti / V. Phinot -- Domine Deus [Bassus begins: Ortis & clemens Doine Deus] / Clemens non papa -- Laudate Dominum omnes ge[n]tes / Gose -- Domine non est exaltatum cor meum / Clemens non papa -- Domine probastime & cognovistime (secunda pars: Proba me Domine & scito cor meum) / Clemens non papa -- Adiuva nos Deus salutaris noster / Crequillon.
=510  3\$aHarry B. Lincoln, The Latin Motet: Indexes to Printed Collections, 1500-1600 (Ottawa: Institute of Medieval Music, 1993).
=510  4\$aLaurent Guillo, Les editions musicales de la Renaissance Lyonnaise (Paris: Klincksieck, 1991),$cIndex no. 37
=510  4\$aRISM B/I,$c1559 ⁴
=546  \\$aLatin words.
=650  \0$aMotets.
=700  1\$aDubois, Michel,$dapproximately 1500-1561,$eprinter.
=700  1\$aGumpeltzhaimer, Adam,$d1559-1625,$eformer owner.$5Uk.
=700  12$aClemens non Papa, Jacobus,$dapproximately 1510-approximately 1555.$tDomine Deus fortis.
=700  12$aClemens non Papa, Jacobus,$dapproximately 1510-approximately 1555.$tDomine non est exaltatum.
=700  12$aClemens non Papa, Jacobus,$dapproximately 1510-approximately 1555.$tDomine probasti me.
=700  12$aClemens non Papa, Jacobus,$dapproximately 1510-approximately 1555.$tDum complerentur.
=700  12$aCrecquillon, Thomas,$d-1557?.$tCongratulamini mihi omnes.
=700  12$aGosse, |c Maistre,$dactive 1520-1565.$tLaudate Dominum, omnes gentes.
=700  12$aGoudimel, Claude,$d-1572.$tHodie nobis.
=700  12$aGoudimel, Claude,$d-1572.$tVidentes stellam.
=700  12$aPhinot, Dominique,$dapproximately 1510-approximately 1555.$tDomine nonne bonum semen seminasti.
=752  \\$aSwitzerland$dGeneva.$2lcsh/naf
=856  41$uhttp://purl.org/rism/BI/1559/4$yDigitised score
=859  \\$aXLD$bDCW
=852  4\$cDRT$jDigital Store K.2.b.11.(3.)$aBritish Library$bMUSIC
=985  \\$aRecord amended for WR# 13/070
=985  \\$aCorrected by MS generated file for WR# 1805-0738
=CAT  \\$aBATCH-DCW$b00$c20171203$lBLL01$h0857
=CAT  \\$a1805-0738$c20190111$lBLL01$h1807
=CAT  \\$a1805-0738$b00$c20190111$lBLL01$h1828
=FIN  \\$aY$d20171203
=LKR  \\$aPAR$lBLL01$r776$b004538692$mTertius liber modulorum, quatuor et quinque vocum : (quos vulgus Motteta vocat) /$nTertius liber modulorum, quatuor et quinque vocum : (quos vulgus Motteta vocat) /
=DGM  \\$a004538692$bCatBridge variable field
=DRT  \\$aDCW
=SRC  \\$aDCW$bDCW_20171202
=OHC  \\$a1
=LAS  \\$a1805-0738$b00$c20190111$lBLL01$h1828

