=LDR  04353 cm a22006977  4500
=001  018630833
=003  Uk
=005  20171203085732.0
=007  cr\mn\024mpada
=008  930323s1560\\\\sz\||z\\s\\\\\\\\\\\lat\\
=FMT  \\$a  MU
=019  d\$afa20780078
=040  \\$aUk$beng$cUk
=041  \\$alat
=042  \\$aukblsr
=082  04$a782.526$223
=245  00$aQuartus liber modulorum, quatuor et quinque vocum :$b(quos vulgus motteta vocat) /$cà quibusuis celeberrimis authoribus excerptus.
=264  \1$a[Geneva] :$bMichaelis Syluij Typis,$c[1559]
=300  \\$a5 part books ;$c9 x 11 cm (oblong 16º)
=336  \\$anotated music$2rdacontent
=337  \\$acomputer$2rdamedia
=338  \\$aonline$2rdacarrier
=340  \\$m16mo$2rdabf
=500  \\$aCollection of motets in four or five parts: numbers I-III, V and VII-VIII are in five parts, while numbers IIII, VI, IX-XII are for four voices.
=500  \\$aCopy at K.2.b.11.(4.). Bassus (24 leaves); paper dimensions: 600 x 805 mm.$5Uk
=500  \\$aCopy at K.2.b.11.(4.). Digitised score at http://purl.org/rism/BI/1559/4.$5Uk
=500  \\$aTranscribed title page from bassus part book: QVARTVS / LIBER MODVLORVM, / QVATVOR ET QVINQVE VO- / cum, (quos vulgus Motteta vocat) à quibusuis / celeberrimis authoribus excerptus. / BASSVS. / Michaelis Syluij / TYPIS.
=500  \\$aWith index.
=505  0\$aAdvenit ignis divinus (secunda pars: Misit eos in mundu[m] universu[m]) / Clemens non Papa -- Venit vox de coelo (secunda pars: Respo[n]dit Paulus Quis es tu Domine) / Clemens non papa -- Nigra sum sed formosa (secunda pars: Posuerunt me custode[m]) / Crequillon -- Eravi, sicut ovis quae periit (secunda pars: Declicta iuventutis meae) / Crequillon -- Nolite iudicare & non iudicabimini (secunda pars: Hypocrita eiice primu[m] trabem) / Clemens non papa -- Dum de ambularet Dominus (secunda pars: Vocem tua[m] audivi) / Crequillon -- Respice in me (Bassus begins: Et miserere mei) / G. Doumale -- Ascendo ad Patre[m] meum / Maillart -- Cor mundu[m] crea in me Deus (secunda pars: Averte faciem tuam) / Crequillon -- In me transierunt irae tuae / Maillart -- Vox in Rama audita est / Clemens non papa -- Angelus Domini Ad pastores ait (secunda pars: Parvulus filius hodie natus est nobis) / Clemens non papa.
=510  3\$aHarry B. Lincoln, The Latin Motet: Indexes to Printed Collections, 1500-1600 (Ottawa: Institute of Medieval Music, 1993).
=510  4\$aLaurent Guillo, Les editions musicales de la Renaissance Lyonnaise (Paris: Klincksieck, 1991),$cIndex no. 38
=510  4\$aRISM B/I,$c1559 ⁵
=546  \\$aLatin words.
=650  \0$aMotets.
=700  1\$aDubois, Michel,$dapproximately 1500-1561,$eprinter.
=700  1\$aGumpeltzhaimer, Adam,$d1559-1625,$eformer owner.$5Uk.
=700  12$aClemens non Papa, Jacobus,$dapproximately 1510-approximately 1555.$tAdvenit ignis divinus.
=700  12$aClemens non Papa, Jacobus,$dapproximately 1510-approximately 1555.$tNolite judicare.
=700  12$aClemens non Papa, Jacobus,$dapproximately 1510-approximately 1555.$tVenit vox de coelo.
=700  12$aCrecquillon, Thomas,$d-1557?.$tCor mundum crea in me.
=700  12$aCrecquillon, Thomas,$d-1557?.$tDum deambularet Dominus.
=700  12$aCrecquillon, Thomas,$d-1557?.$tErravi sicut ovis.
=700  12$aCrecquillon, Thomas,$d-1557?.$tNigra sum sed formosa.
=700  12$aDomale, G.$tRespice in me.
=700  12$aMaillard, Jean,$dactive 1538-1572.$tAscendo ad Patrem meum.
=752  \\$aSwitzerland$dGeneva.$2lcsh/naf
=856  41$uhttp://purl.org/rism/BI/1559/4$yDigitised score
=859  \\$aXLD$bDCW
=852  4\$cDRT$jDigital Store K.2.b.11.(4.)$aBritish Library$bMUSIC
=985  \\$aRecord amended for WR# 13/070
=985  \\$aCorrected by MS generated file for WR# 1805-0738
=CAT  \\$aBATCH-DCW$b00$c20171203$lBLL01$h0857
=CAT  \\$a1805-0738$c20190111$lBLL01$h1807
=CAT  \\$a1805-0738$b00$c20190111$lBLL01$h1828
=FIN  \\$aY$d20171203
=LKR  \\$aPAR$lBLL01$r776$b004538693$mQuartus liber modulorum, quatuor et quinque vocum : (quos vulgus motteta vocat) /$nQuartus liber modulorum, quatuor et quinque vocum : (quos vulgus motteta vocat) /
=DGM  \\$a004538693$bCatBridge variable field
=DRT  \\$aDCW
=SRC  \\$aDCW$bDCW_20171202
=OHC  \\$a1
=LAS  \\$a1805-0738$b00$c20190111$lBLL01$h1828

