=LDR  05909 cm a22008417  4500
=001  018630834
=003  Uk
=005  20171203085732.0
=007  cr\mn\024mpada
=008  930323s1564\\\\it\||z\\s\\\\\\\\\\\lat\\
=FMT  \\$a  MU
=019  d\$afa20780079
=040  \\$aUk$beng$cUk
=041  \\$alat
=042  \\$aukblsr
=082  14$a780$215
=130  0\$aMotteti del fiore.$kSelections.
=245  10$aMotteti del fiore :$ba quattro voci novamente ristampati, et con somma diligentia revisti et corretti.$nLibro Primo.
=264  \1$aIn Venetia :$bAppresso Francesco Rampazetto,$c1564.
=300  \\$a4 part books ;$c15 x 22 cm (oblong 4º)
=336  \\$anotated music$2rdacontent
=337  \\$acomputer$2rdamedia
=338  \\$aonline$2rdacarrier
=340  \\$m4to$2rdabf
=500  \\$aCollection of motets in four parts (SATB).
=500  \\$aCopy at K.2.d.19.(2.). Digitised score at http://purl.org/rism/BI/1564/6.$5Uk
=500  \\$aCopy at K.2.d.19.(2.). TENOR (24 leaves); original foliation: Tenor: [I-II] III- XLVII [XVIII]; paper dimensions: 143 x 205 mm.$5Uk
=500  \\$aThe print belongs to the series of the 'Motetti del Fiore'. The contents are reprinted from RISM B/I 1532/10 and 1532/11. A later edition of RISM B/I 1545/4.
=500  \\$aTranscribed title page from tenor part book: MOTTETTI DEL FIORE / A QVATTRO VOCI / NOVAMENTE RISTAMPATI, ET CON SOMMA / DILIGENTIA REVISTI ET CORRETI. / LIBRO PRIMO. / A QVATTRO VOCI. / IN VENETIA, Appresso Francesco Rampazetto.
=500  \\$aWith table of contents.
=500  \\$a'Beati omnes qui timent', 'Panis quem ego dabo' and 'Laetetur omne seculum' are attributed to Lupus (fl. 1518-30) by Harry Lincoln and in the RISM B/1 index, but are attributed instead to Lupus Hellinck in Grove.
=505  0\$aIn te domine speravi (secunda pars: Quoniam fortitudo mea) / Lerithier -- Letetur omne seculum (secunda pars: Haec Maria fuit illa) / Lupus -- Filie Jerusalem venite (secunda pars: Quonia[m] co[n]fortavit) / Archadelt -- Panis quem ego dabo (secunda pars: Locutus est populus) / Lupus -- Beati omnes qui time[n]t (secunda pars: Ecce sic benedicetur) / Loyset Pieton -- Nisi dominus edificaverit (secunda pars: Cum dederit dilectis) -- Descendit Angelus domini (secunda pars: Ne timeas quoniam) / Hilayre Penet -- Gloriosa virgo Cecilia semper -- Dum aurora finem daret / N. Paignier -- Virtute magna (secunda pars: Repleti sunt quidem) / Lasson -- Tu es Petrus (secunda pars: Quodcunq[ue] ligaveris) -- Domine quis habitavit (secunda pars: Ad nihilum deductus est) / Jo. Courtois -- Benedixit Deus Noe (secunda pars: Ecce ego statuam) -- Ave sanctissima Maria / N. Gombert -- Fuit homo missus a Deo (secunda pars: Hic precursor & dilectus) / N. Gombert -- Tanto tempore vobiscum sum / Verdelot -- Haec dies quam fecit dominus / Archadelt -- Beati omnes qui timent dominum (secunda pars: Ecce sic benedicetur homo) / Lupus -- Sponsa christi Cecilia (secunda pars: Biduanis ac triduanis) / Loiset Pieton -- Qua[m] pulchra es (secunda pars: Veni dilecte mi) / Jo. Lupi -- Omnis pulchritudo domini (secunda pars: Nisi ego abiero paraclitus) / Dambert -- Vir inclitus Vincentius / F. de Lys -- Proba me Deus (secunda pars: Respice in me deus) / P. Manchicourt -- Que[m] dicunt homines (secunda pars: Petre diligis me) / Richafort -- In convertendo dominus (secunda pars: Qui seminant in lachrimis) / Lupus -- Gabriel archangelus apparuit -- Pater noster (secunda pars: Ave Maria) / Adrianus uuillart.
=510  1\$aHarry B. Lincoln, The Latin Motet: Indexes to Printed Collections, 1500-1600 (Ottawa: Institute of Medieval Music, 1993).
=510  4\$aM.S. Lewis, Antonio Gardano Venetian Music Printer 1538-1569: A Descriptive and Historical Study (New York, 1988),$cno.12.
=510  4\$aRISM B/I,$c1564 ⁶
=546  \\$aLatin words.
=650  \0$aMotets.
=700  0\$aLupus,$dactive 1518-1530,$ecomposer.
=700  1\$aArcadelt, Jacob,$dapproximately 1505-1568,$ecomposer.
=700  1\$aCourtois, Jean,$dactive 1530-1545,$ecomposer.
=700  1\$aCummings, William Hayman,$d1831-1915,$eformer owner.
=700  1\$aDambert,$dactive 16th century,$ecomposer.
=700  1\$aGombert, Nicolas,$dactive 16th century,$ecomposer.
=700  1\$aHellinck, Lupus,$d-1541,$ecomposer.
=700  1\$aLasson, Mathieu,$dapproximately 1500-1553,$ecomposer.
=700  1\$aLhéritier, Jean,$ecomposer.
=700  1\$aLupi, Johannes,$d-1539,$ecomposer.
=700  1\$aLys, F. de,$ecomposer.
=700  1\$aManchicourt, Pierre de,$dapproximately 1510-1564,$ecomposer.
=700  1\$aPagnier, N.,$ecomposer.
=700  1\$aPenet, Hilaire,$d1501?-$ecomposer.
=700  1\$aPiéton, Loyset,$ecomposer.
=700  1\$aRampazetto, Francesco,$dactive 1540-1576,$eprinter.
=700  1\$aRichafort, Jean,$dactive 1507-1548,$ecomposer.
=700  1\$aVerdelot, Philippe,$d-approximately 1565,$ecomposer.
=700  1\$aWillaert, Adrian,$d1490?-1562,$ecomposer.
=752  \\$aItaly$dVenice.$2lcsh/naf
=856  41$uhttp://purl.org/rism/BI/1564/6$yDigitised score
=859  \\$aXLD$bDCW
=852  4\$cDRT$jDigital Store K.2.d.19.(2.)$aBritish Library$bMUSIC
=985  \\$aRecord amended for WR# 13/070
=985  \\$aname title to add
=985  \\$aCorrected by MS generated file for WR# 1805-0738
=CAT  \\$aBATCH-DCW$b00$c20171203$lBLL01$h0857
=CAT  \\$a1805-0738$c20190111$lBLL01$h1807
=CAT  \\$a1805-0738$b00$c20190111$lBLL01$h1828
=FIN  \\$aY$d20171203
=LKR  \\$aPAR$lBLL01$r776$b004538694$mMotteti del fiore : a quattro voci novamente ristampati, et con somma diligentia revisti et corretti.$nMotteti del fiore : a quattro voci novamente ristampati, et con somma diligentia revisti et corretti.
=DGM  \\$a004538694$bCatBridge variable field
=DRT  \\$aDCW
=SRC  \\$aDCW$bDCW_20171202
=OHC  \\$a1
=LAS  \\$a1805-0738$b00$c20190111$lBLL01$h1828

