=LDR  06584ccm a22008057  4500
=001  018630835
=003  Uk
=005  20171203085732.0
=007  cr\mn\024mpada
=008  930323s1574\\\\fr\||z\\s\\\\\\\\\\\ger\\
=FMT  \\$a  MU
=019  d\$afd11850002
=040  \\$aUk$beng$cUk
=042  \\$aukblsr
=082  14$a780$215
=100  1\$aNeusidler, Melchior,$d1531-1590.
=245  10$aTeütsch Lautenbuch :$bDarinnen kunstliche Mutete[n], liebliche italienische, frantzösische, Teütsche Stuck, fröliche teütsche Täntz, Passo e mezo, Saltarelle, und drei Fantasien alles mit fleiss aussgesetzt /$cauch artlich und zierlich coloriert, durch Melchior Newsidler, Burger und Lautenist in Augspurg.
=260  \\$aGetruckt zů Strassburg :$bdurch Bernhart Jobin,$c1574.
=300  \\$a1 tablature book (56 unnumbered leaves) ;$b34 x 23 cm (fol.)
=336  \\$anotated music$2rdacontent
=337  \\$acomputer$2rdamedia
=338  \\$aonline$2rdacarrier
=500  \\$aCollection of motets, chanson, madrigals, German songs and German dances for the lute.
=500  \\$aCopy at K.2.i.28. Digitised score at http://purl.org/rism/BI/1574/13.$5Uk
=500  \\$aCopy at K.2.i.28. Paper dimensions: 327 x 208 mm.$5Uk
=500  \\$aTranscribed title page: Teütsch Lauten= / buch / Darinnenn / kunstliche Mutete[n], lieb= / liche Italianische, Frantzösische, Teüt= / sche Stuck, fröliche Teütsche Täntz, Passo e / mezo, Saltarelle, vnd drei Fantasien Alles mit / fleiss aussgesetzt, auch artlich vnd / zierlich Coloriert, / durch / Melchior Newsidler, Bur= / ger vnd Lautenist in Augspurg. / Getruckt zů Strassburg, durch / Bernhart Jobin, Im Jar. / 1574. / Mit Röm[ischer] Key[serlicher] May[estet] Freyheit, / auff zehen Jar.
=500  \\$aWith table of contents, image of the editor (Melchior Newsidler), dedication to Dorothea Pfalzgrafin and preface to the reader.
=500  \\$a'Creator omnium' and 'In te domine speraui (secunda pars: Et propter nomen tuum)' are both labelled song number 4.
=505  0\$aBenedicta es coeloru[m] (secunda pars: Per illud aue) (tertia pars: Nunc Mater exora natum) / Iosquin de pres. -- Tua est potentia / Ioannes Mouton -- Vita in ligno moritur (secunda pars: Qui propheticę) (tertia pars: Qui expansis) / Ludwig Senfel -- Creator omnium / Adrianus Willart -- In te domine speraui (secunda pars: Et propter nomen tuum) / Iohan Lupus -- Si bona suscepimus / Verdalot -- Aspice Domine / Iacquet -- Hierusalem luge (secunda pars: Deduc quasi torrentem) / Adrianus Kein -- Maria Magdalenae (secunda pars: Cito euntes) / Clemens non papa -- Domine quinque talenta tradidisti mihi / Orlando Lassus -- Du fond de ma pensee / Orlando di lassus -- Damour me plauis / Rogier -- Frais & galiarte / Clemens no[n] papa -- Vng gai Bergier / Tomas Qriquilion -- Si natem presces / Thomas Quequilion -- Bon Iuor mon Cour / Orlando Lassus -- Quando io Penso al martire / Archadele -- Non so per qual cagion / Archadelt -- Il ciel che rado virtu / Archedelt -- O felici oichi miei / Archadelt -- Anchor che col partire / Cipriano Rore -- Quanto il mio duol senza conforto sia / Orlando Lassus -- Bewar mich Herr / Steffan Zirler -- Was wirt es doch, des wnnders noch / Ludwig Senfel -- Mein fleiss vn[d] müh / Ludwig Senfel -- Tröstlicher lieb, ich mich stets yeb / Paulus Hoffhamer -- Ich reüw vnd klag, das ich mein tag / Gregorius Brack -- Wo Gott der Herr nicht bey uns helt / Orlando Lassus -- Ich gieng ein mal spacieren -- Ein lieblicher vnd sehr gůter Tantz -- Der Fuggerin Dantz -- Die alt Schwiger -- Wann ich des morgens frü auffsteh -- Der alten Weiber Tantz -- Wie möcht ich frölich werden -- Proficiat jr lieben herren -- Mein hertz ist frisch, mein gmüt ist frey -- Beschaffens glück ist vnuersammpt -- Der Dorisanen Dantz --
=505  0\$aMir ist ein feins brauns mägetlin gefallen in meinen sin -- Passa é mezo Lamillanesa -- Passa é mezo Anticho -- Passa é mezo comune -- Fantasia MN -- Fantasia MN -- Fantasia super anchor che col partire. MN.
=510  4\$aRISM B/I,$c1574 ¹³
=650  \0$aLute music.
=650  \0$aTablature (Music)
=700  0\$aDorothea Susanna,$cHerzogin von Sachsen-Weimar,$d1544-1592,$ededicatee.
=700  0\$aJacquet,$cof Mantua,$d1483-1559,$ecomposer.
=700  0\$aJosquin,$cdes Prez,$d-1521,$ecomposer.
=700  0\$aLupus,$dactive 1518-1530,$ecomposer.
=700  1\$aArcadelt, Jacob,$dapproximately 1505-1568,$ecomposer.
=700  1\$aBerchem, Jachet de,$dactive 16th century,$ecomposer.
=700  1\$aBrack, Georg,$dactive 1507-1515,$ecomposer.
=700  1\$aCaen, Arnold,$ecomposer.
=700  1\$aClemens non Papa, Jacobus,$dapproximately 1510-approximately 1555,$ecomposer.
=700  1\$aCortot, Alfred,$d1877-1962,$eformer owner.
=700  1\$aCrecquillon, Thomas,$d-1557?,$ecomposer.
=700  1\$aHofhaimer, Paul,$d1459-1537,$ecomposer.
=700  1\$aJobin, Bernhard,$dapproximately 1545-1593,$eprinter.
=700  1\$aLasso, Orlando di,$d1532-1594,$ecomposer.
=700  1\$aLupi, Johannes,$d-1539,$ecomposer.
=700  1\$aMouton, Jean,$d-1522,$ecomposer.
=700  1\$aPathie, Rogier,$ecomposer.
=700  1\$aRore, Cipriano de,$d1515 or 1516-1565,$ecomposer.
=700  1\$aSenfl, Ludwig,$dapproximately 1486-1542 or 1543,$ecomposer.
=700  1\$aVerdelot, Philippe,$d-approximately 1565,$ecomposer.
=700  1\$aWillaert, Adrian,$d1490?-1562,$ecomposer.
=700  1\$aZirler, Stephan,$dapproximately 1520-1568,$ecomposer.
=752  \\$aFrance$dStrasbourg.$2lcsh/naf
=856  41$uhttp://purl.org/rism/BI/1574/13$yDigitised score
=859  \\$aXLD$bDCW
=852  4\$cDRT$jDigital Store K.2.i.28.$aBritish Library$bMUSIC
=985  \\$aRecord amended for WR# 13/070
=985  \\$aname title to add
=CAT  \\$aBATCH-DCW$b00$c20171203$lBLL01$h0857
=CAT  \\$aBATCH-UPD$b00$c20230123$lBLL01$h2036
=FIN  \\$aY$d20171203
=LKR  \\$aPAR$lBLL01$r776$b004552999$mTeütsch Lautenbuch : Darinnen kunstliche Mutete[n], liebliche italienische, frantzösische, Teütsche Stuck, fröliche teütsche Täntz, Passo e mezo, Saltarelle, und drei Fantasien alles mit fleiss aussgesetzt /$nTeütsch Lautenbuch : Darinnen kunstliche Mutete[n], liebliche italienische, frantzösische, Teütsche Stuck, fröliche teütsche Täntz, Passo e mezo, Saltarelle, und drei Fantasien alles mit fleiss aussgesetzt /
=DGM  \\$a004552999$bCatBridge variable field
=DRT  \\$aDCW
=SRC  \\$aDCW$bDCW_20171202
=OHC  \\$a1
=LAS  \\$aBATCH-UPD$b00$c20230123$lBLL01$h2036

