=LDR  17864 cm a22008057  4500
=001  018630836
=003  Uk
=005  20171203085732.0
=007  cr\mn\024mpada
=008  930325s1592\\\\enk||z\\s\\\\\\\|\\\eng\\
=FMT  \\$a  MU
=019  d\$afh11240358
=040  \\$aUk$beng$cUk
=042  \\$aukblsr
=082  04$a782.5294$223
=130  0\$aWhole booke of Psalmes.$n(1592)
=245  14$aThe whole booke of psalmes :$bwith their wonted tunes, as they are song in churches, composed into foure parts: all vvhich are so placed that foure may sing, ech one a several part in this booke. VVherein the church tunes are carefully corrected, and thereunto added other short tunes usually song in London, and other places of this realme. VVith a table in the end of the booke, of such tunes as are nevvly added, vvith the number of ech psalme placed to the said tune. /$cCompiled by sondry authors vvho have so laboured heerein, that the unskilfull vvith small practice may attaine to sing that part, vvich is fittest for their voice.
=264  \1$aImprinted at London :$bby Thomas Est,$c1592.
=300  \\$a1 choir book ;$c17 x 11 cm (8º)
=336  \\$anotated music$2rdacontent
=337  \\$acomputer$2rdamedia
=338  \\$aonline$2rdacarrier
=340  \\$m8vo$2rdabf
=500  \\$aCollection of psalms and hymns in four parts (SATB).
=500  \\$aCopy at K.2.c.7. 150 leaves; original foliation: [1-4] 1-36 [37] 38-288 [289- 296]; paper dimensions: 156 x 102 mm.
=500  \\$aCopy at K.2.c.7. Digitised score at http://purl.org/rism/BI/1592/7.$5Uk
=500  \\$aThe final page has a woodcut of a coat of arms with the text: MIEVL.X.VAVKY.MOVRIR.EN.VERTV. / QVE.VIVRF.EN.HONCTE.
=500  \\$aTranscribed title page: THE / WHOLE BOOKE OF / PSALMES: / WITH THEIR WON- / ted Tunes, as they are song / in Churches, composed into / foure parts: / All vvhich are so placed that foure may sing, / ech one a seueral part in this booke. VVherein the Church / tunes are carefully corrected, and thereunto added other / short tunes vsually song in London, and other places of / this Realme. VVith a Table in the end of the / booke of such tunes as are nevvly added, / vvith the number of ech Psalme pla- / ced to the said Tune. / COMPILED BY SONDRY AVTHORS. / vvho haue so laboured heerein, that the vnskilfull / vvith small practice may attaine to sing / that part, vvhich is fittest / for their voice. / IMPRINTED AT LON- / DON by Thomas Est, the assigné / of William Byrd: dwelling in Aldersgate / streete at the signe of the black Horse, / and are there to be sold. / 1592.
=500  \\$aWith an index, a list of the newly added tunes and 'A generall confession of sinnes, vvith other praiers for the morning & evening to be vsed in families and publick assemblies' (in prose, no music).
=505  0\$aPsalme.117. ( O all ye nations of the Lord) / E.Hooper -- Psalme.118. (O Giue ye thancks vnto the Lord) / I.Douland. B.of Musick -- Psalme.119. (Blessed are they that perfect are) / G.Farnaby. B.of Musick -- Psalme.120. (In trouble and in thrall) / G.Farnaby. B.of Musick -- Psalme.121. (I lift mine eyes to Sion hill) / G.Farnaby. B.of Musick -- Psalme.122. (I did in hart reioyce) / G.Farnaby. B.of Musick -- Psalme.123. (O Lord that heauen doest possesse) E.Blancks -- Psal.124. (Novv Israell may say and that truely) / G.Farnaby. B.of Musick -- Psalme.125. (Such as God the Lord do trust) / G.Farnaby. B.of Musick -- Another of the same. (Those that doe put their confidence) / R.Allison -- Psalme.126. (VVhen that the Lord againe his Sion had forth brought) / E.Iohnson -- Psalme.127. (Except the Lord the house do make) / G.Kirby -- Psalme.128. (Blessed art thou that fearest God) / E.Hooper -- Psalme.129. (Oft they novv Israell may say) / E.Hooper -- Psalme.130. (Lord to thee I make my mone) / I.Douland.B.of Musick -- Psalme.131. (O Lord I am not puft in minde) / E.Blancks -- Psalme.132. (Remember Dauids troubles Lord) / G.Farnaby.B.of Musick -- Psalme.133. (O hovv happy a thing it is) / E.Hooper -- Psalme.134. (Behold and haue regard, ye seruants of the Lord) / I.Douland.B.of Musick -- Psalme.135. (O praise the Lord, praise him) / G.Kirby -- Psalme.136. (Praise ye the Lord, for hee is good) / G.Kirby -- Another of the same. (O Laud the Lord bening) / G.Kirby -- Psalme.137. (VVhen as vve sat in Babylon) / G.Kirby -- Psalme.138. (Thee vvill I praise vvith my vvhole heart) / G.Farnaby.B.of Musick -- Psalme.139. (O Lord thou hast me tride and knovvne) / E.Blancks --
=505  0\$aPsalme.14. (There is no God as foolish men, affirme in their mad moode) / I.Farmer -- Psalme.15. (O Lord vvith in thy tabernacle) / E.Blancks -- Psalme.16. (Lord keepe mee for I trust in thee) / E.Hooper -- Psalme.17. (O Lord giue eare to my iust cause) / G.Kirby -- Psalme.18. (O God my strength and fortitude) / W.Cobbold -- Psalme.19. (The heauens and the firmament, doe vvondrously declare) / E.Blancks -- Psalme.20. (In trouble and aduersitie, The Lord God heare thee still) / I.Farmer -- Psalme.21. (O Lord hovv ioyfull is the king) / W.Cobbold -- Psalme.22. (O God my God, wherfore dpest thou, forsake me vtterly) / W.Cobbold -- Psalme.23. (The Lord is onely my support) / E.Hooper -- An other of the same. (My sheapheard is the liuing Lord) / E.Hooper -- Psalme.24. (The earth is all the Lords vvith all) / W.Cobbold -- Psalme.25. (I lift mine hart to thee, my God) / E.Blancks -- Psalme.26. (Lord be my iudge and thou shalt see) / I.Farmer -- Psalme.27. (The Lord is both my health and light) / VV.Cobbold -- Psalme.28. (Thou art O Lord, my strength and stay) / VV.Cobbold -- Psalme.29. (Giue to the Lord ye Potentats) / E.Blancks -- Psalme.30. (All laude and praise vvith hart and voyce) / I.Farmer -- Psalme.31. (O Lord I put my trust in thee) / E.Hooper -- Psalme.32. (The man is blest vvhose vvickednesse, the Lord hath cleane remitted) / G.Kirby -- Psalme.33. (Ye righteous in the Lord reioyce) / E.Blancks -- Psalme.34. (I vvill giue laud and honour both) / E.Hooper -- Psalme.35. (Lord plead my cause against my foes) / G.Kirby -- Psalme.36. (The vvicked vvith his vvorkes vniust) / E.Blancks -- Psalme.37. (Grudge not to see the vvicked men) / E.Hooper -- Psalme.38. (Put mee not to rebuke O Lord) / I.Douland.B.of Musick -- Psalme.39. (I said I vvill looke to my vvaies) / E.Blancks -- Psalme.40. (I vvaited long and sought the Lord) / I.Farmer --
=505  0\$aPsalme.140. (Lord saue mee from the euill man) / E.Hooper -- Psalme.141. (O Lord vpon thee doe I call) / E.Hooper -- Psalme.142. (Before the Lord God vvith my voyce) / I.Douland.B.of Musick -- Psalme.143. (Lord heare my prayer,heark the plaint) / E.Blancks -- Psalme.144. (Blest bee the Lord my strength) / E.Blancks -- Psalme.145. (Thee vvill I laude my God and king) / E.Hooper -- Psal.146. Cheshire tune (My soule praise thou the Lord alvvaies) / I.Farmer -- Psalme.147. (Prayse ye the Lord for it is good) / G.Kirby -- Psalme.148. (Giue laud vnto the Lord) / G.Kirby -- Psalme.149. (Sing yee vnto the Lord our God, a nevv reioysing song) / E.Blancks -- Psalme.150. (Yelde vnto God the mightie Lord) / E.Hooper -- A Psalme before morning prayer. (Prayse the Lord O ye Gentils all) / I.D. -- A Psalme before Euening prayer. (Behold novv giue heede such as bee the Lords seruants) / I.D. -- Audi Israell (Attend my people and giue ear) / R.Allison -- The Lords prayer (Our Father vvhich in heauen art) / G.Kirby -- The Creed (All my beliefe and confidence, is in the Lord of might) / G.Kirby -- A prayer to the holy Ghost. (Come holy Spirit the God of might) / E.Hooper -- Da pacem (Giue peace in these our daies O Lord) / G.Farnaby.B.of Musick -- The Lamentation (O Lord in thee is all my trust) / G.Kirby -- A Thankesgiuing. (The Lord bee thanked for his gifts) / I.Douland.B.of Musick -- A Prayer. (Preserue vs Lord by thy deare vvord) / G.Farnaby.B.of Musick -- A Prayer for the Queenes most excellent Maiestie. (O God of povver omnipotent and goodnesse infinite) / I.Douland.B.of Musick.
=505  0\$aPsalme.41. (The man is blest that carefull is) / E.Blanckes -- Psalme.42. (Like as the Heart doth breath & bray) / E.Hooper -- Psalme.43. (Iudge and reuenge my cause O Lord) / E.Blancks -- Psalme.44. (Our eares haue heard our fathers tell) / E.Blancks -- Psalme.45. (My heart doth take in hand, some godly song to sing) / E.Blancks -- Psalme.46. (The Lord in our defence and ayd) / E.BLANCKS -- Psalme.47. (Ye people all vvith one accord) / I.Douland.B.of Musick. -- Psalme.48. (Great is the Lord, and vvith great prayse) / E.Blancks -- Psalme.49. (All people harken and giue eare) / E.Hooper -- Psalme.50. (The mightie God, the'ternall hath thus spoke) / E.Blancks -- Another of the same (The God of Gods the Lord, hath cald) / E.Hooper -- Psalme.51. (O Lord consider my distresse) / E.Blancks -- Another of the same (Haue mercy on mee God) / I. Doula[n]d.B. of M. -- Psalme.52. (Why doest thou tyrant boast abroad) / R.Allison -- Psalme.53. (The foollish man in that vvhiche he, vvithin his hart hath saide) / I.Douland.B.of Musick. -- Psalme.54. (God saue me for thy holy name) / E.Blancks -- Psalme.55. (O God giue eare and doe apply) / E.Hooper -- Psalme.56. (Haue mercy Lord on mee I pray) / I.Douland.B.of Musick. -- Psalme.57. (Take pity for thy promise sake) / E.Blancks -- Psalme.58. (Ye rulers vvhich are put in trust) / E.Hooper -- Psalme.59. (Send ayde and saue mee from my foes) / R.Allison -- Psalme.60. (O Lord thou didst vs cleane forsake) / I.Douland. B.of Musick -- Psalme.61. (Regard (O Lord) for I complaine) / R.Allison -- Psalme.62. (My soule to God shall giue good heede) / E.Blancks --
=505  0\$aPsalme.63. (O God my God I vvatch betime) / E.Hooper -- Psalme.64. (O Lord vnto my voyce giue eare) / I.Doula[n]d. B.of Musick -- Psalme.65. (Thy praise alone (O Lord) doth raigne) / E.Blancks -- Psalme.66. (Ye men on earth in God reioyce) / E.Hooper -- Psalme.67. (Haue mercy on vs Lord) / E.Hooper -- Psalme.68. (Let God aryse and then his foes, vvill themselus to flight) / R.Allison -- Psalme.69. (Saue mee O God and that vvith speede) / R.ALLISONPsalme.70. (O God to mee take heede) / E.Hooper -- Psalme.71. (My Lord my God in all distresse) / I.Douland. B.of Musick -- Psalme.72. (Lord giue thy iudgements to the King) / R.Allison -- Psalme. 73. (Hovv euer it be, yet God is good) / E.Blancks -- Psalme.74. (VVhy art thou Lord so long from vs) / E.Hooper -- Psalme.75. (Vnto thee God vvee vvill giue thancks) / I.Douland. B.of Musick -- Psalme.76. (To all that novv in Iury dvvell) / E.Blancks -- Psalme.77. (I vvith my voyce to God doe crye) / R.Allison -- Psalme.78. (Attend my people to me lavv) / M.Cauendish -- Psalme.79. (O Lord the gentiles doe inuade) / E.Hooper -- Psalme.80. (Thou heard that Israell doest keepe) / I.Douland. B.of Musick -- Psalme.81. (Be light and glad, in God reioyce) / R.Allison -- Psalme.82. (Amid the prease vvith men of might) / E.Blancks -- Psalme.83 (Doe not O God refraine thy tongue) / E.Hooper -- Psalme.84. (Hovv pleasant is thy dvvelling place) / G.Kirby -- Psalme.85. (Thou hast bene merciful in deede) / I.Douland. B.of Musick -- Psalme.86. (Lord bovv thine eare to my request) / I.Douland. B.of Musick -- Psalme.87. (The Citie shall full vvell endure) / E.Blancks -- Psalme.88. (Lord God of health the hope and stay) / I.Farmer -- Psalme.89. (To sing the mercies of the Lord) / E.Hooper -- Psalme.90. (Thou Lord hast bene our sure defence) / E.Blancks --
=505  0\$aPsalme.91. (He that vvithin the secret place, of God most hye doth dvvell) / E.Hooper -- Psal.92. Kentish tune (It is a thing both good and meete) / R.Allison -- Psalme.93. (The Lord as king aloft doth raigne) / E.Blancks -- Psalme.94. (O Lord thou doest reuenge all vvrong) / E.Hooper -- Psalme.95. (O Come let vs lift vp our voice) / I.Douland. B.of Musick -- Psalme.96. (Sing ye vvith praise vnto the Lord) / E.Blancks -- Psalme.97. (The Lord doth raigne) / E.Hooper -- Psalme.98. ( O Sing ye novv vnto the Lord) / I.Douland. B.of Musick -- Psalme.99. (The Lord doth raigne although at it, the people rage full sore)) / E.Blancks -- Psalme.100. (All people that on earth do dvvel) / I.Douland. B.of Musick -- Another of the same. (In God the Lord be glad and light) / E.Hooper -- Psalme.101. (I mercie vvill and iudgement sing) / I.Douland. B.of Musick -- Psalme.102. (O heare my prayer Lord, and let my cry come vnto thee) / E.Blancks -- Psalme.103. (My soule giue laude vnto the Lord) / E.Ihonson -- Psalme.104. (My soule praise the lord speak good of his name) / I.Douland. B.of Musick -- Psalme.105. (Giue praises vnto God the Lord) / E.Hooper -- Psalme.106. (Praise ye the Lord, for he is good) / I.Douland. B.of Musick -- Psalme.107. (Giue thancks vnto the Lord our God) / E.Hooper -- Psalme.108. (O God, my hart prepared is) / E.Hooper -- Psalme.109. (In speechlesse silence doe not hold) / I.Douland. B.of Musick -- Psalme.110.(The Lord did say vnto my Lord) / E.Blancks -- Psalme.111. (VVith heart I doe accord) / E.Iohnson -- Psalme.112. (The man is blest that God doth feare) / G.Kirby -- Psalme.113. (Ye childre[n] vvhich do serue [the] lord) / R.Allison -- Psalme.114. (VVhen Israell by Gods addresse, from Pharoas land vvas bent) / I.Douland. B.of Musick -- Psalme.115. (Not vnto vs Lord) / E.Blancks -- Psalme.116. (I loue the Lord because my voyce, and prayer heard hath hee) / G.Kirby --
=505  0\$aVeni Creator (Come holy Ghost eternal God) / I.Farmer -- The hu[m]ble sute of a sinner (O Lord of vvhom I doe depend) / I.Farmer -- Venite exultem[us]. Psal.XCV (O come & let vs novv reioyce) / I.Farmer -- Te Deum S. Amb. (VVe prayse thee God) / I.Farmer -- The Song of the 3. Children ( O all ye vvorks of God the Lord) / I.Farmer -- Benedictus (The onely Lord of Israell) / I.Farmer -- Magnificat (My soule doth magnifie the Lord) / I.Farmer -- Nunc dimittis (O Lord because my harts desire) / I.Farmer -- Quincunque vult. (What man so euer he be that, saluation vvill attaine) / I.Farmer -- The Lamentation (O Lord turne not avvay thy face) / I.Farmer -- The Lords Prayer (Our Father vvhich in heauen art) / I.Farmer -- The X. Com[m]au[n]dements (Harke Israell, and vvhat I say, giue heede to vnderstand) / I. Farmer -- The complaint of a sinner (Where righteousnesse doth saye) / I.Farmer -- Psalme.I. (The man is blest that hath not bent) / W.Cobbold -- Psalme.2. (VVhy did the Gentiles tumults raise) / VV.Cobbold -- Psalme.3. (O Lord hovve are my foes increast) / W.Cobbold -- Psalme.4. (O God that art my righteousnesse) / E.Blancks -- Psalme.5. (Incline thine eares vnto my vvordes) / VV.Cobbold -- Psalme.6. (Lord in thy vvrath reproue mee not) / G.Kirby -- Psalme.7. (O Lord my God, I put my trust) / VV.Cobbold -- Psalme.8. (O God our Lord hovv vvonderfull, are thy vvorkes) / E.Blancks -- Psalme.9. (VVith hart and mouth vnto the Lord, vvill I sing) / E.Hooper -- Psalme.10. (VVhat is the cause that thou O Lord, art novv so far from thine) / G.Kirbye -- Psalme.11. (I trust in God, hovv dare ye then) / E.Blancks -- Psalme.12. (Helpe Lord for good and godly men) / E.Hooper -- Psalme.13. (Hovv long vvilt thou forget mee Lord) / G.Kirby --
=510  4\$aJeremy Smith, Thomas East and Music Publishing in Renaissance England (Oxford, Oxford University Press, 2003),$cAppendix 4, no. 12.
=510  4\$aRISM B/I,$c1592 ⁷
=546  \\$aEnglish words.
=650  \0$aChoruses (Mixed voices, 4 parts)
=650  \0$aPsalms (Music)
=700  1\$aAlison, Richard,$dactive 1588-1606,$ecomposer.
=700  1\$aBlankes, Edward,$dapproximately 1550-1633,$ecomposer.
=700  1\$aCavendish, Michael,$dapproximately 1565-1628,$ecomposer.
=700  1\$aCobbold, William,$ecomposer.
=700  1\$aDowland, John,$d1563?-1626,$ecomposer.
=700  1\$aEast, Thomas,$d1540?-1608?,$eprinter.
=700  1\$aFarmer, John,$dactive 1591-1601,$ecomposer.
=700  1\$aFarnaby, Giles,$dapproximately 1565-1640,$ecomposer.
=700  1\$aHooper, Edmund,$dapproximately 1553-1621,$ecomposer.
=700  1\$aJohnson, Edward,$dactive 1572-1601,$ecomposer.
=700  1\$aKirbye, George,$dapproximately 1565-1634,$ecomposer.
=700  1\$aPuckering, John,$d1543 or 4-1596,$ededicatee.
=752  \\$aEngland$dLondon.$2lcsh/naf
=856  41$uhttp://purl.org/rism/BI/1592/7$yDigitised score
=859  \\$aXLD$bDCW
=852  4\$cDRT$jDigital Store K.2.c.7.$aBritish Library$bMUSIC
=985  \\$aEarly Music Online batch 2
=985  \\$aname title to add
=985  \\$aCorrected by MS generated file for WR# 1805-0738
=CAT  \\$aBATCH-DCW$b00$c20171203$lBLL01$h0857
=CAT  \\$a1805-0738$c20190111$lBLL01$h1807
=CAT  \\$a1805-0738$b00$c20190111$lBLL01$h1828
=FIN  \\$aY$d20171203
=LKR  \\$aPAR$lBLL01$r776$b004592511$mThe whole booke of psalmes : with their wonted tunes, as they are song in churches, composed into foure parts: all vvhich are so placed that foure may sing, ech one a several part in this booke. VVherein the church tunes are carefully corrected, and thereunto added other short tunes usually song in London, and other places of this realme. VVith a table in the end of the booke, of such tunes as are nevvly added, vvith the number of ech psalme placed to the said tune. /$nThe whole booke of psalmes : with their wonted tunes, as they are song in churches, composed into foure parts: all vvhich are so placed that foure may sing, ech one a several part in this booke. VVherein the church tunes are carefully corrected, and thereunto added other short tunes usually song in London, and other places of this realme. VVith a table in the end of the booke, of such tunes as are nevvly added, vvith the number of ech psalme placed to the said tune. /
=DGM  \\$a004592511$bCatBridge variable field
=DRT  \\$aDCW
=SRC  \\$aDCW$bDCW_20171202
=OHC  \\$a1
=LAS  \\$a1805-0738$b00$c20190111$lBLL01$h1828

