=LDR  08416 cm a2200865 a 4500
=001  018630837
=003  Uk
=005  20171203085732.0
=007  cr\mn\024mpada
=008  930325s1545\\\\gw\||z\\s\\\\\\\\\\\frm\\
=FMT  \\$a  MU
=019  d\$afj21020005
=040  \\$aUk$beng$cUk
=041  \\$afrm$alat$ager$glat
=042  \\$aukblsr
=082  14$a780$215
=245  00$aSecundus tomus biciniorum :$bquae et ipsa sunt gallica, latina, germanica : ex praestantissimis symphonistis collecta, et in germania typis nunquam excusa : additae sunt quaedam, ut vocant, fugae, plenae artis et suavitatis.
=246  1\$iTitle on Superior Vox part book:$aSecundus tomus bicinia, gallica, latina, germanica, et quaedam fugae
=264  \1$aWittembergae :$bApud Georgium Rhaw musicae typographu [m],$c[1545]
=300  \\$a2 part books ;$c14 x 17 cm (oblong 4º)
=336  \\$anotated music$2rdacontent
=337  \\$acomputer$2rdamedia
=338  \\$aonline$2rdacarrier
=340  \\$m4to$2rdabf
=500  \\$a'Quam pulchra es' to 'Dominus meus exaudit me' are in the inferior part book only.
=500  \\$aCollection of motets, chansons and various songs in vernacular.
=500  \\$aCopy at K.2.c.3. Digitised score at http://purl.org/rism/BI/1545/7.$5Uk
=500  \\$aCopy at K.2.c.3. Superior (114 leaves), Inferior (126 leaves); paper dimensions: 155 x 200 mm.$5Uk
=500  \\$aTable of contents at back of each part book, with the pieces divided by language.
=500  \\$aTitle from Inferior vox title page.
=500  \\$aTranscribed title page from Inferior Vox part book: SECVNDVS / TOMVS / BICINIORUM, QUAE ET IPSA / SVNT GALLICA, LATINA, GERMANICA / ex præstantissimis Symphonistis collecta, et in / Germania typis nunquam / excusa. / ADDITAE SVNT QVAEDAM, VT / vocant, Fugae, plenae artis et / suauitatis. / INFERIOR VOX.
=500  \\$aTranscribed title page from Superior Vox part book: SECVNDVS / TOMVS. / BICINIA, GALLICA, LATINA, / GERMANICA, ET QVAEDAM FVGAE. / SVPERIOR VOX. / 1545.
=500  \\$aWith a preface in Latin by G. Rhau, dated 29 May 1545.
=505  0\$aFini lebien / Certon -- Lamour premiere / Mornable -- Mon cueur voulut / Manchicourt -- Du corps absent (secunda pars: Sans liberte que) -- Ung gra[n]d plaisir / Iacotin -- Au pres de vous / Claudin -- Il ma viendra ce que -- Vous perdez temps / Mittantier -- Telen mesdit / Mittantier -- Contentez vous / Certon -- En esperant -- Sans liberte que ung -- Deux cueurs voulans / Manchicourt -- Ce quil souloist -- Doulce memorre / Manchicourt -- Hellas amy ie cognois -- Iay tant chasse -- Sy lamytie pourte / Maillard -- Je suys tant bien / Certon -- Amour voyant lennuy / Certon -- Ie ne puys pas mon / Manchicourt -- Ie suis desheritee / Iacotin -- Le cueur de vous / Claudin -- Du cueur le don -- Si iay eu du -- Doulce memoire en plaisir / Layolle -- Se del mio amor -- L'amour de moy / Brugier -- Voyant souffrir celle / Certon -- Las quon congneust / Mornable -- Sy vostre amour / Mornable -- Ie veulx tousiours / Manchicourt -- Sy mon malheur / Manchicourt -- Amour cruel de sa nature / Manchicourt -- Puis que de vous -- Ung moins aymant -- Sy mon travail -- Par sin despit -- Je nose estre / Certon -- Las q[ue] cra intu -- Donnez moy donc -- Quam pulchra es / Hie. Sco. -- Audi filia et vide (secunda pars: Specie tua) / Hiero. Sco. -- Quem dicunt homines / Hiero. Sco. -- Petre diligis me -- Emendemus in melius -- Peccavimus cum patribus -- Si Deus pro nobis (secunda pars: Certus sum ego) -- Deus superbis resistit / Six. Diet. -- Nolite diligere mundum -- In eternum Domine / Anto. Fe. -- Beatus homo / Fevin -- Fratres que cunque -- Ecce dies venient -- Ego lux veni in mundum -- Castigasti me Domine -- Haec probantur Deo / Anto. Fevin. -- Omnes qui pie -- Confitebor tibi Domine -- Sint lumbi vestri -- Qui fodit foveam -- In tribulatione mea -- Nemo est qui reliquerit -- Bonus homo de thesauro -- Si vos manseritis -- Querite Dominum Deum vestrum -- Ego sum panis vitae --
=505  0\$aFrange esurienti panem tuum / Pe. de la Rue -- Amicus fidelis medicamentum viate -- Gaude Maria virgo / Hen. Isac. -- Que Gabrielis archangeli / Hen. Isac. -- Vae qui sapientes estis -- Non des mulieri -- Exercitium / Batra -- Mir ist ein feines Meidelein -- [Furwitz der kramer hat vil war] Gebracht aus frembden landen -- Viel ebenteur zu schauen -- Frölichen wil ich singen -- O Herre Gott -- Ach Gott wem sol ichs klagen -- Ich weis ein stoltze graserein -- Der Appenzeller Kureien -- Ein frölich wesen hab ich mir auserlesen / P.R. -- Von elder art / P.R. -- Miserere mei Domine / P.R. -- Diligite inimi cos vestros / P.R. -- Benedictus qui venit / P.R. -- Filioli si quis peccaverit / P.R. -- Servite Domino in timore -- So vundsch ich ir ein gute nacht -- Entlaubet ist der vualde -- Ach lieb mit leid -- Was vuird uns doch -- Zucht her und lob -- Mein einigs A. [ich dein belieb] / P.R. -- Ich setz dahin hertz mut und sin / P.R. -- Ach Elselein liebes Elselein -- Ich hab mich heimlich ergeben -- Ach meidlein rein [ich hab allein] -- Ach hochster hort. [vernim mein vuort] -- Qvam pulchra es / I.H. -- [Agnus Dei] -- [Qui cum patre] / Obrecht -- [Diligam te Domine] / Ioskin -- [Untexted fugue] -- [Benedictus] / Ioskin -- [Pleni sunt celi] -- [Omnes qui transitis] -- [Vivit Deus meus] -- [Ne timueris cum dives] -- [Et in terra pax] -- [Pour l'amour] -- [Da pacem Domine] / Verdeloth -- [Envenant de lyon] / Ioan. Mouton. -- [Quae est ista] / Anto. Fevin. -- [Dominus meus exaudit me] -- Domine quis habitabit -- (secunda pars: Nec fecit proximo) -- (teria pars: Qui iurat proximo suo) -- Libera animam meam / Io. Mo. -- Da pacem Domine / Antonius Brvmel. -- Adiu mes amours -- Nil stoldius differt -- Exaudi Deus meus orationem meam -- [Inn dem ofen beckt ma[n] vuarme sem[m]el] In der Kuche bret ma[n] gut wurst -- Jsta est speciola -- Da pacem Domine -- Ave Maria.
=510  4\$aRISM B/I,$c1545 ⁷
=546  \\$aFrench, Latin and German words.
=700  0\$aJacotin,$ecomposer.
=700  0\$aJosquin,$cdes Prez,$d-1521,$ecomposer.
=700  1\$aBruhier, Antoine,$dactive 1504-1521,$ecomposer.
=700  1\$aBrumel, Antoine,$dapproximately 1460-approximately 1515,$ecomposer.
=700  1\$aCerton, Pierre,$d-1572,$ecomposer.
=700  1\$aDietrich, Sixtus,$dapproximately 1493-1548,$ecomposer.
=700  1\$aFévin, Antoine de,$ecomposer.
=700  1\$aIsaac, Heinrich,$dapproximately 1450-1517,$ecomposer.
=700  1\$aLa Rue, Pierre de,$d-1518,$ecomposer.
=700  1\$aLayolle, Francesco de,$d1492-approximately 1540,$ecomposer.
=700  1\$aMaillard, Jean,$dactive 1538-1572,$ecomposer.
=700  1\$aManchicourt, Pierre de,$dapproximately 1510-1564,$ecomposer.
=700  1\$aMittantier,$dactive 1536-1547,$ecomposer.
=700  1\$aMornable, Antoine,$dactive 1530-1553,$ecomposer.
=700  1\$aMouton, Jean,$d-1522,$ecomposer.
=700  1\$aObrecht, Jacob,$d-1505,$ecomposer.
=700  1\$aRhaw, Georg,$d1488-1548,$epublisher.
=700  1\$aScotto, Girolamo,$ecomposer.
=700  1\$aSermisy, Claudin de,$dapproximately 1490-1562,$ecomposer.
=700  1\$aVerdelot, Philippe,$d-approximately 1565,$ecomposer.
=710  2\$aGeorg Rhaw (Firm),$eprinter.
=752  \\$aGermany$dWittenberg.$2lcsh/naf
=856  41$uhttp://purl.org/rism/BI/1545/7$yDigitised score
=859  \\$aXLD$bDCW
=852  4\$cDRT$jDigital Store K.2.c.3.$aBritish Library$bMUSIC
=985  \\$aRecord amended for WR# 13/070
=985  \\$aname title to add
=985  \\$aCorrected by MS generated file for WR# 1805-0738
=CAT  \\$aBATCH-DCW$b00$c20171203$lBLL01$h0857
=CAT  \\$a1805-0738$c20190111$lBLL01$h1807
=CAT  \\$a1805-0738$b00$c20190111$lBLL01$h1828
=FIN  \\$aY$d20171203
=LKR  \\$aPAR$lBLL01$r776$b004607010$mSecundus tomus biciniorum : quae et ipsa sunt gallica, latina, germanica : ex praestantissimis symphonistis collecta, et in germania typis nunquam excusa : additae sunt quaedam, ut vocant, fugae, plenae artis et suavitatis.$nSecundus tomus biciniorum : quae et ipsa sunt gallica, latina, germanica : ex praestantissimis symphonistis collecta, et in germania typis nunquam excusa : additae sunt quaedam, ut vocant, fugae, plenae artis et suavitatis.
=DGM  \\$a004607010$bCatBridge variable field
=DRT  \\$aDCW
=SRC  \\$aDCW$bDCW_20171202
=OHC  \\$a1
=LAS  \\$a1805-0738$b00$c20190111$lBLL01$h1828

