=LDR  05118 cm a22007337  4500
=001  018630838
=003  Uk
=005  20171203085732.0
=007  cr\mn\024mpada
=008  930329s1530\\\\enk||z\\s\\\\\\\\\\\mul\\
=FMT  \\$a  MU
=019  d\$age11350456
=040  \\$aUk$beng$cUk
=041  \\$aeng$alat
=042  \\$aukblsr
=082  14$a780$215
=245  00$a[Book of xx songes.]
=246  1\$aBassus
=264  \1$a[London] :$b[s.n.],$c1530.
=300  \\$a4 part books ;$c15 x 20 cm (oblong 4º)
=336  \\$anotated music$2rdacontent
=337  \\$acomputer$2rdamedia
=338  \\$aonline$2rdacarrier
=340  \\$m4to$2rdabf
=500  \\$a'Anno d[omi]ni.M.ccccc.xxx.Decimo die mentis Octobris'.
=500  \\$aAll in three parts, except for the following, in four parts: Cornysh's 'Pater noster', Pygot's 'By, by lullaby', Ashwell's 'She may be callyd', Taverner's 'The bella', Gwynnth's 'My love mournyth', Cornysh's 'Pleasure it is', Cornysh's 'Concordans Musicall', both Fayrfax and Cowper's 'Ut re my fa sol la'.
=500  \\$aCollection of sacred, secular and textless (possibly instrumental) songs in three or four parts (SATB), known as 'XX Songes', or 'Twenty Songs'. With list of contents, headed: 'In this boke ar co[n]teynyd. xx. so[n]ges. ix. of iiii. ptes/ and xi. of thre ptes'.
=500  \\$aCopy at K.1.e.1. Bassus (45 + 7 leaves), Triplex (1 leaf), [Medius (1 leaf)]; without pagination. Titlepage, sig. A-L, in fours. The printed notes stop in the recto of sig. L.4; the verso contains printed lines with music in manuscript. 2 leaves entirely in MS follow, and then 4 unsigned with printed lines and MS music; a blank leaf at the end. Bound up with this Bassus part is the first leaf of the Triplex. With a photograph of the fragmentary title and colophon leaf of the Medius part in Westminster Abbey Library.$5Uk
=500  \\$aCopy at K.1.e.1. Digitised score at http://purl.org/rism/BI/1530/6.$5Uk
=500  \\$aThe composers named in this collection are: Cornysh, Pygot, Ashwell, Tavernar, Gwynneth, Fayrfax, Cowper, Jones and Thomas Stretton, the last-named in the MS. portion only.
=505  0\$aPater noster [qui] es in celis / Cornyshe -- In youth in age both in welth and woo / Cowper -- By by lullaby rockyd I my chyld / Pygot -- Be war my lytyl fynger syr -- She may be callyd a sovra[n]t lady / Ashwell -- The bella we maydis beryth / Tavernar -- So gret unkyndnes wyth oute deservyng / docter Cowper -- Who shall have my fayr lady / R Jons [Index: Jones] -- Mynyon go trym -- Joly felowe yf thou have but lytyll mony -- And wyll ye serve me so for my kyndnes -- Mi hart my mynde a[n]d my hole poure / Taverner -- Love wyll I & leve so yt may befall / Master Taverner -- My love mournyth [Bassus begins: And I mankynd have not in mynd] / John gwynneth -- Pleasure yt ys to here I wys the byrds synge / Cornyshe -- Concordans musycall Judgyd by the ere of sy[gh]tys gydyng / Cornysh -- Min hartys lust & all my plesure ys gevyn / Fayrfax -- Fa la soll / Cornyshe -- Ut re my fa sol la / Fayrfax -- Ut re my fa sol la / Doctor Couper.
=510  4\$aH. M. Nixon, 'The Book of XX Songs', The British Museum Quarterly 16 (1951),$cpp.33-35.
=510  4\$aJohn Milsom, 'Songs and Society in Early Tudor London', Early Music History 16 (1997),$cpp.235-293.
=510  4\$aRISM B/I,$c1530 ⁶
=510  4\$aRobert Steele, The Earliest English Music Printing: A Description and Bibliography of English Printed Music to the Close of the Sixteenth Century (London: Chiswick Press, 1903),$cNo. 11.
=650  \0$aChoruses, Sacred (Mixed voices, 4 parts)$vParts.
=650  \0$aPart songs$y16th century$vParts.
=700  0\$aHenry$bVIII,$cKing of England,$d1491-1547,$ecomposer.$5Uk.
=700  1\$aAshewell, Thomas,$dapproximately 1478-$ecomposer.
=700  1\$aCornysh, William,$d-1523,$ecomposer.
=700  1\$aCowper, Robert,$dapproximately 1474-approximately 1540,$ecomposer.
=700  1\$aFayrfax, Robert,$d1464-1521,$ecomposer.
=700  1\$aGwynneth, John,$ecomposer.
=700  1\$aJones, Robert,$dactive 1520-1534,$ecomposer.
=700  1\$aPygott, Richard,$dactive 16th century,$ecomposer.
=700  1\$aStretton, Thomas,$ecomposer.$5Uk
=700  1\$aTaverner, John,$dapproximately 1490-1545,$ecomposer.
=752  \\$aEngland$dLondon.$2lcsh/naf
=856  41$uhttp://purl.org/rism/BI/1530/6$yDigitised score
=859  \\$aXLD$bDCW
=852  4\$cDRT$jDigital Store K.1.e.1$aBritish Library$bMUSIC
=985  \\$aRecord amended for WR# 13/070
=985  \\$aname title to add
=985  \\$aCorrected by MS generated file for WR# 1805-0738
=CAT  \\$aBATCH-DCW$b00$c20171203$lBLL01$h0857
=CAT  \\$a1805-0738$c20190111$lBLL01$h1807
=CAT  \\$a1805-0738$b00$c20190111$lBLL01$h1828
=FIN  \\$aY$d20171203
=LKR  \\$aPAR$lBLL01$r776$b004668602$m[Book of xx songes.]$n[Book of xx songes.]
=DGM  \\$a004668602$bCatBridge variable field
=DRT  \\$aDCW
=SRC  \\$aDCW$bDCW_20171202
=OHC  \\$a1
=LAS  \\$a1805-0738$b00$c20190111$lBLL01$h1828

