=LDR  03511 cm a22005897  4500
=001  018630839
=003  Uk
=005  20171203085732.0
=007  cr\mn\024mpada
=008  930401s1565\\\\fr\||z\\s\\\\\\\\\\\ita\\
=FMT  \\$a  MU
=019  d\$agk12790013
=040  \\$aUk$beng$cUk
=042  \\$aukblsr
=082  14$a780$215
=130  0\$aVillanelle alla Napolitana.$nLibro 1
=245  13$aIl primo libro di villanelle alla napolitana :$bnovamente stampate a tre voci.
=264  \1$aIn Parigi :$bAppresso Adriano el Re e Roberto Ballard,$c1565.
=300  \\$a3 part books ;$c9 x 14 cm (oblong 4º)
=336  \\$anotated music$2rdacontent
=337  \\$acomputer$2rdamedia
=338  \\$aonline$2rdacarrier
=340  \\$m4to$2rdabf
=500  \\$aCollection of Neapolitan Villanelle in three parts (STB), with table of contents at the end.
=500  \\$aCopy at K.2.b.12. Canto (24 leaves); original foliation: Canto: [1], 2-24 f.; paper dimensions: 88 x 127 mm.$5Uk
=500  \\$aCopy at K.2.b.12. Digitised score at http://purl.org/rism/1565/NOT/IN/RISM.$5Uk
=500  \\$aThis publication is not listed in RISM.
=500  \\$aTranscribed title page from canto part book: IL PRIMO LIBRO / DI VILLANELLE ALLA / Napolitana nouamente stampate. / A TRE VOCI. / IN PARIGI. / Apresso Adriano el Re e Roberto Ballard. / stampatori del Re. / 1565. / Con priuileggio di S. M. Christianissima / per diec' anni.
=505  0\$aScis' ana font'e vidd'una zitella -- Mirate che mi fa Crudel'Amore -- Li saracin' adorano lo sole -- Il gran desio che mi conduc' A morte -- Donne ch'amat'al mondo mill'amanti -- Si sai donna crudel la pena mia -- Al foc'al foc'amanti correti tutti quanti -- Andando un giorno solo sospirando -- Forse perche core mio bell'hoime -- Io vo cercando o bella donn'il core -- O gratios' e bella che luce piu che stella -- O pretiosa mia faccia di sole -- S'io cant'es'io sospir' amaro -- Dentro de sa finestra o faccia bella -- O chiaro sole tra l'altre bella -- Privo son d'ogni ben d'ogni conforto -- Sempre vorria mirar sa faccia bella -- Che giova saettar un che sia reso -- Mi doglio assai madonna -- Io son gia morto perch'ho pers'il core -- Madonna mia se non provedi presto -- Siat'avertiti o voi cortes' amanti -- Non la videti la vecchia laida.
=546  \\$aItalian words.
=650  \0$aVillanelle (Part songs)
=700  1\$aBallard, Robert,$d-1588,$eprinter.
=700  1\$aLe Roy, Adrian,$dapproximately 1520-1598,$eprinter.
=710  2\$aAdrian Le Roy & Robert Ballard (Firm)
=752  \\$aFrance$dParis.$2lcsh/naf
=856  41$uhttp://purl.org/rism/1565/NOT/IN/RISM$yDigitised score
=859  \\$aXLD$bDCW
=852  4\$cDRT$jDigital Store K.2.b.12$aBritish Library$bMUSIC
=985  \\$aEarly Music Online project
=985  \\$aRecord amended for WR# 13/070
=985  \\$aname title to add
=985  \\$aCorrected by MS generated file for WR# 1805-0738
=CAT  \\$aBATCH-DCW$b00$c20171203$lBLL01$h0857
=CAT  \\$a1805-0738$c20190111$lBLL01$h1807
=CAT  \\$a1805-0738$b00$c20190111$lBLL01$h1828
=FIN  \\$aY$d20171203
=LKR  \\$aPAR$lBLL01$r776$b004719087$mIl primo libro di villanelle alla napolitana : novamente stampate a tre voci.$nIl primo libro di villanelle alla napolitana : novamente stampate a tre voci.
=DGM  \\$a004719087$bCatBridge variable field
=DRT  \\$aDCW
=SRC  \\$aDCW$bDCW_20171202
=OHC  \\$a1
=LAS  \\$a1805-0738$b00$c20190111$lBLL01$h1828

