=LDR  06156ccm a2200757 a 4500
=001  018630840
=003  Uk
=005  20230713102215.0
=007  cr\mn\024mpada
=008  930310s1555\\\\be\||z\\s\\\\\\\|\\\fre\\
=FMT  \\$a  MU
=040  \\$aUk$beng$cUk
=042  \\$aukblsr
=082  14$a780$215
=130  0\$aChansons a quatre parties,$nlivre 4
=245  10$aQuatriesme livre des chansons a quatre parties :$bnouvellement composez & mises en musicque convenables tant aux instrumentz comme a la voix.
=264  \1$aImprime a Louain :$bpar Pierre Phalese,$cMDLV [1555]
=300  \\$a4 part books (1 v) ;$c18 x 24 cm (oblong 4º)
=336  \\$anotated music$2rdacontent
=337  \\$acomputer$2rdamedia
=338  \\$aonline$2rdacarrier
=340  \\$m4to$2rdabf
=500  \\$aCollection of chansons in four parts (SATB).
=500  \\$aCopy at K.3.a.15.(2.). Digitised score at http://purl.org/rism/BI/1554/20.$5Uk
=500  \\$aCopy at K.3.a.15.(2.). Superius (16 leaves), contratenor (16 leaves), tenor (16 leaves), bassus (16 leaves); original pagination: superius, tenor, bassus: [1-2] I-XXX, contratenor: [1-2] I-XXVI, XXI, XXVIII-XXX; paper dimensions: 152 x 210 mm.$5Uk
=500  \\$aCover has a woodcut of Melpomene surrounded by the text: Comme L'escarboncle estant / en Or enclin Ainsi Musicque / est en conuiue de Vin Eccle. xxxij.
=500  \\$aIn the Tenor part book, 'Tandis qu'a vous' and 'Helas adieu' are reversed.
=500  \\$aNew edition of RISM B/I, 1552 ¹⁴.
=500  \\$aTranscribed title page from superius part book: QVATRIESME LIVRE / DES CHANSONS A QVATRE PARTIES NOVVELLEMENT / composez & mises en Musicque, conuenables tant aux / instrumentz comme a la Voix. / SVPERIVS / Imprime a Louain par Pierre Phalese, / lan M. D. LV. / AVEC GRACE ET PRIVILEGE.
=500  \\$aWith table of contents in all part books except the superius.
=505  0\$aA vous en est de me pouuoir guarrir / Cricquillon -- Par trop aymer madam' & ma maistresse / Cricquillon -- A vous se doibt porter honneur sans cesse / Crispel -- Tandis qu'a vous tout bon heur sappareille (Headed: Response) / Crispel [Superius only] -- Helas adieu le plaisir de mes yeulx Crispel [in Tenor only] -- Ie voy amy comm' allierus tu te re[n]ge / Baston -- Allez souspirs plus viste que le pas / [Anon] -- Plus que iamais non obstant ton refus / Cricquillon -- Desir me veult pres de vous retiner / Cricquillon -- Iay veu le temps que iauoye iouyssance / Cricquillon [in Tenor only] -- Bouche riant courtoys langaige / Vuaelrant -- Oncques amour ne fut sans gra[n]d langeur / Cricquillon -- Triste & desconforte a toujours ie seray / Vuaelrant -- Contentes vous amys de la pensee / [Sermisy] -- Viure en espoir m'est vng tresgrant plaisir / Baston -- Veu le grief mal que longuement iendure / Cricquillon -- En esperant iendure de torment / Caulery -- Faulx enuyeulx re[m]pli de toute raige / [Anon] -- Cest a grant tort que fortune incensee / Cricquillon -- Contrainct ie suys de deulx prendre la pire (Headed: Response) Cricquillon -- Pour les regretz & l'ennuy / Vuaelrant -- Craincte & espoir me font en amour force / Baston -- Aufaict damours beau parler na plus lieu / Clemens non papa -- Nostre bon pere tout puissant (Headed: Le benedicite) / Crispel -- Pere eternel te rendoms grace (Headed: La grace) / Crispel -- Mon poure coeur qui sans aulcung repos pour vng penser / Cricquillon -- Par trop aymer ma dame & ma masitresse / Manchicourt / Criquillon [in Bassus] -- Tout mon espoir, confort & iouyssance / Manchicourt -- A demy mort chacung me peult iuger / Ian loys -- O quel torment en lieu de reconfor[t] / Cricquillon [in Tenor only].
=510  4\$aHenri Vanhulst, Catalogue des éditions de musique publiées à Louvain par Pierre Phalèse et ses fils 1545-1578 (Brussels: Palais des Académis, 1990), No.32.
=510  4\$aJohn Milsom, 'The Nonsuch Music Library', in Chris Banks, Arthur Searle and Malcolm Turner (eds.), Sundry Sorts of Music Books: Essays on The British Library Collections, Presented to O. W. Neighbour on his 70th Birthday (London, 1993), 146-82,$cno. 27.
=510  4\$aRISM B/I,$c1554 ²⁰
=546  \\$aFrench words.
=650  \0$aPolyphonic chansons.
=700  1\$aArundel, Henry Fitz Alan,$cEarl of,$d1512-1580,$eformer owner.$5Uk.
=700  1\$aBaston, Josquin,$dactive 1542-1563,$ecomposer.
=700  1\$aCaulery, Jean,$dactive 1556,$ecomposer.
=700  1\$aClemens non Papa, Jacobus,$dapproximately 1510-approximately 1555,$ecomposer.
=700  1\$aCrecquillon, Thomas,$d-1557?,$ecomposer.
=700  1\$aCrespel, Jean,$dactive 16th century,$ecomposer.
=700  1\$aLouys, Jean,$dapproximately 1530-1563,$ecomposer.
=700  1\$aLumley, John Lumley,$cBaron,$d1534?-1609,$eformer owner.$5Uk.
=700  1\$aManchicourt, Pierre de,$dapproximately 1510-1564,$ecomposer.
=700  1\$aPhalèse, Pierre,$dapproximately 1510-$eprinter.
=700  1\$aSermisy, Claudin de,$dapproximately 1490-1562,$ecomposer.
=700  1\$aWaelrant, Hubert,$d1516 or 1517-1595,$ecomposer.
=752  \\$aBelgium$dLouvain.$2lcsh/naf
=856  41$uhttp://purl.org/rism/BI/1554/20$yDigitised score
=859  \\$aXLD$bDCW
=852  4\$cDRT$jDigital Store K.3.a.15.(2.)$aBritish Library$bMUSIC
=985  \\$aRecord amended for WR# 13/070
=985  \\$aname title to add
=985  \\$aCorrected by MS generated file for WR# 1805-0738
=CAT  \\$aBATCH-DCW$b00$c20171203$lBLL01$h0857
=CAT  \\$a1805-0738$c20190111$lBLL01$h1807
=CAT  \\$a1805-0738$b00$c20190111$lBLL01$h1828
=CAT  \\$aMFISHER$b40$c20230713$lBLL01$h1022
=FIN  \\$aY$d20171203
=LKR  \\$aPAR$lBLL01$r776$b015834869$mQuatriesme livre des chansons a quatre parties : nouvellement composez & mises en musicque convenables tant aux instrumentz comme a la voix.$nQuatriesme livre des chansons a quatre parties : nouvellement composez & mises en musicque convenables tant aux instrumentz comme a la voix.
=DGM  \\$a015834869$bCatBridge variable field
=DRT  \\$aDCW
=SRC  \\$aDCW$bDCW_20171202
=OHC  \\$a1
=LAS  \\$aMFISHER$b40$c20230713$lBLL01$h1022

