=LDR  06242 cm a2200781 a 4500
=001  018630841
=003  Uk
=005  20171203085732.0
=007  cr\mn\024mpada
=008  930310m1555\\\\be\||z\\s\\\\\\\|\\\fre\\
=FMT  \\$a  MU
=040  \\$aUk$beng$cUk
=042  \\$aukblsr
=082  14$a780$215
=130  0\$aChansons a quatre parties,$nlivre 5
=245  10$aCincquiesme livre des chansons a quatre parties :.$bnouvellement composez & mises en musicque convenables tant aux instrumentz comme a la voix.
=264  \1$aImprime a Louvain :$bpar Pierre Phalese,$cMDLV [1555]
=300  \\$a4 part books (1 v) ;$c18 x 24 cm (oblong 4º)
=336  \\$anotated music$2rdacontent
=337  \\$acomputer$2rdamedia
=338  \\$aonline$2rdacarrier
=340  \\$m4to$2rdabf
=500  \\$aCollection of chansons in four parts (SATB).
=500  \\$aCopy at K.3.a.15.(3.). Digitised score at http://purl.org/rism/BI/1554/21.$5Uk
=500  \\$aCopy at K.3.a.15.(3.). Superius (16 leaves), contratenor (16 leaves); tenor (16 leaves), bassus (16 leaves); original pagination: superius, bassus: [1-2] I-XIII, XIII, XV-XXX, contratenor: [1-2] I-XXX, tenor: [1-2] I-XXI, XXI, XXIII-XXX; paper dimensions: 152 x 210 mm.$5Uk
=500  \\$aCover has a woodcut of Melpomene surrounded by the text: Comme L'escarboncle estant / en Or enclin Ainsi Musicque / est en conuiue de Vin Eccle. xxxij.
=500  \\$aIn the Tenor part book, 'Tandis qu'a vous' and 'Helas adieu' are reversed.
=500  \\$aNew edition of RISM B/I, 1552 ¹⁵.
=500  \\$aThe table of contents lists 'Le volez vous bien' as on p.XXXI but this is not in any of the part books, nor is there a page of that number; the RISM B/I index identifies 'Cabeliau' as 'Joachim Cabilliau'
=500  \\$aTranscribed title page from superius part book: CINCQVIESME LIVRE / DES CHANSONS A QVATRE PARTIES NOVVELLEMENT / composez & mises en Musicque, conuenables tant aux instrumentz comme a la Voix. / SVPERIVS / Imprime a Louvain par Pierre Phalese / Lan M. D. LV. / AVEC GRACE ET PRIVILEGE.
=500  \\$aWith table of contents.
=505  0\$aDung seul regart mort & moy ont puissance / Cricquillon -- Cerchant plaisir auant que consumer / Cricquillon -- Languer damour m'est souruenue / [Anon] -- Au despartir mon ceur plain de tristesse / Baston -- Qui la vouldra souhaitter, que meure / Cricquillon -- Mort ou mercy, en languissant i'atens / Cricquillon -- Est il possible que lon puisse trouuer / Ian Gerard -- Ma ioye & ma lyesse, est ma dame souueraine / Buys -- Si iay du bien helas cest par mensonge / Cabeliau -- Puis que malheur me trent en si grant rigeur / Cricquillon -- Espoir me soubstient le menton / Simon Cardon -- Or suys ie prins, en meruilleux arroy / [Anon] -- Guerissez moy du mal que mon ceur porte / Cricquillon -- Patience ennuye loing est lattente / Anto. Galli. -- Pensee est mienne, ie lendureray (Headed: Response) / Anto. Galli. -- Ie prens en gre la dure mort / Crispel -- Helas dont vient la dure oppresse / M. Iacob -- En attendant secours, belle ie vous salue / Cricquillon -- Sans liberte, qu'ung bon esprit regrette / Ian Gerard -- Toutes les nuyctz ie ne pense qu'en elle / Clemens non Papa -- Quen dictes vous madamme debonnaire / Clemens non papa -- Lardent amour souuent me veult contredire / Cricquillon -- Taire & souffrir ma doleur vehemente (headed in Contratenor and bassus: Response) / Cricquillon -- Tant seulement ton amour ie demande / Cricquillon -- Tant seulement ton repos ie desire (Headed: Response) / [Thomas Crecquillon] -- Mon ceur mon corps se debattent ensemble / Cricquillon -- A vous aymer veulx mettre mon entente / Cricquillon -- Petite fleur coincte & iolye / Cricquillon -- Las ie cognois quil est trop variable / Cricquillon -- Soyons ioyeulx ioyeusement / N. de Vuismes.
=510  4\$aHenri Vanhulst, Catalogue des éditions de musique publiées à Louvain par Pierre Phalèse et ses fils 1545-1578 (Brussels: Palais des Académis, 1990),$cno. 33.
=510  4\$aJohn Milsom, 'The Nonsuch Music Library', in Chris Banks, Arthur Searle and Malcolm Turner (eds.), Sundry Sorts of Music Books: Essays on The British Library Collections, Presented to O. W. Neighbour on his 70th Birthday (London, 1993), 146-82,$cno. 27.
=510  4\$aRISM B/I,$c1554 ²¹
=546  \\$aFrench words.
=650  \0$aPolyphonic chansons.
=700  1\$aArundel, Henry Fitz Alan,$cEarl of,$d1512-1580,$eformer owner.$5Uk.
=700  1\$aBaston, Josquin,$dactive 1542-1563,$ecomposer.
=700  1\$aBuus, Giacques,$d-1565,$ecomposer.
=700  1\$aCabilliau, Joachim,$ecomposer.
=700  1\$aCardon, Simon,$ecomposer.
=700  1\$aClemens non Papa, Jacobus,$dapproximately 1510-approximately 1555,$ecomposer.
=700  1\$aCrecquillon, Thomas,$d-1557?,$ecomposer.
=700  1\$aCrespel, Jean,$dactive 16th century,$ecomposer.
=700  1\$aGalli, Antonius,$d-1565,$ecomposer.
=700  1\$aGerard, Jan,$ecomposer.
=700  1\$aJacob, M.,$ecomposer.
=700  1\$aLumley, John Lumley,$cBaron,$d1534?-1609,$eformer owner.$5Uk.
=700  1\$aPhalèse, Pierre,$dapproximately 1510-$eprinter.
=700  1\$aWisme, Nicholas,$ecomposer.
=752  \\$aBelgium$dLouvain.$2lcsh/naf
=856  41$uhttp://purl.org/rism/BI/1554/21$yDigitised score
=859  \\$aXLD$bDCW
=852  4\$cDRT$jDigital Store K.3.a.15.(3.)$aBritish Library$bMUSIC
=985  \\$aRecord amended for WR# 13/070
=985  \\$aname title to add
=985  \\$aCorrected by MS generated file for WR# 1805-0738
=CAT  \\$aBATCH-DCW$b00$c20171203$lBLL01$h0857
=CAT  \\$a1805-0738$c20190111$lBLL01$h1807
=CAT  \\$a1805-0738$b00$c20190111$lBLL01$h1828
=FIN  \\$aY$d20171203
=LKR  \\$aPAR$lBLL01$r776$b015834879$mCincquiesme livre des chansons a quatre parties :. nouvellement composez & mises en musicque convenables tant aux instrumentz comme a la voix.$nCincquiesme livre des chansons a quatre parties :. nouvellement composez & mises en musicque convenables tant aux instrumentz comme a la voix.
=DGM  \\$a015834879$bCatBridge variable field
=DRT  \\$aDCW
=SRC  \\$aDCW$bDCW_20171202
=OHC  \\$a1
=LAS  \\$a1805-0738$b00$c20190111$lBLL01$h1828

