=LDR  05266 cm a2200649 a 4500
=001  018630842
=003  Uk
=005  20171203085732.0
=007  cr\mn\024mpada
=008  930310m1555\\\\be\||z\\s\\\\\\\|\\\fre\\
=FMT  \\$a  MU
=040  \\$aUk$beng$cUk
=042  \\$aukblsr
=082  14$a780$215
=130  0\$aChansons a quatre parties,$nlivre 6
=245  10$aSixiesme livre des chansons a quatre parties /$cnouvellement composez & mises en musicque par Maistre Iehan de Latre.
=264  \1$aImprime à Lovain :$bpar Pierre Phalese,$cMDLV [1555]
=300  \\$a4 part books (1 v) ;$c18 x 24 cm (oblong 4º)
=336  \\$anotated music$2rdacontent
=337  \\$acomputer$2rdamedia
=338  \\$aonline$2rdacarrier
=340  \\$m4to$2rdabf
=500  \\$aCollection of chansons in four parts (SATB).
=500  \\$aCopy at K.3.a.15.(4.). Digitised score at http://purl.org/rism/AI/L1061.$5Uk
=500  \\$aCopy at K.3.a.15.(4.). Superius (16 leaves), tenor (16 leaves), bassus (16 leaves); original pagination: superius, tenor, bassus: [1-3] I-XXIX; paper dimensions: 151 x 207 mm.$5Uk
=500  \\$aCover has a woodcut of Melpomene surrounded by the text: Comme L'escarboncle estant / en Or enclin Ainsi Musicque / est en conuiue de Vin Eccle. xxxij.
=500  \\$aIn the Tenor part book, 'Tandis qu'a vous' and 'Helas adieu' are reversed.
=500  \\$aNew edition of RISM A/I/5 L 1060.
=500  \\$aTranscribed title page from superius part book: SIXIESME LIVRE DES / CHANSONS A QVATRE PARTIES NOVVELLEMENT / composez & mises en Musicque par Maistre / Iehan de Latre, Maistre de la chapelle du Reuerendiss. Euesque de liege &c. / Conuenables tant aux instrumentz comme a la voix. / SVPERIVS / Imprime à Louain par Pierre Phalese, Lan M. D. Lv. / AVEC GRACE ET PRIVILEGE.
=500  \\$aWith table of contents.
=505  0\$aResueille toy ceur gratieux / Iehan de Latre -- Espoir sans fin me main'en desespoir / Iehan de Latre -- La ieune dame, ayant noble coraige / Iehan de Latre -- Doeul & melancolye, ce sont mes bie[n]s mo[n]dains / Iehan de Latre -- Iattens secours, de ma seulle pensee / Iehan de Latre -- Malheur mest heur & bie[n] sur tous biens desirable / Iehan de Latre -- Qui voeult son ceur en dieu damour offrir / Iehan de Latre -- De varier n'en est plus mention / Iehan de Latre -- Comme[n]t mes yeulx, auries vous biens promis / Iehan de Latre -- Si iay voulu de moy tant presumer / Iehan de Latre -- O trist' adieu, qui du tout mest contraire / Iehan de Latre -- Blancq & clairet sont les couleurs.de ce bon vin / Iehan de Latre -- Cesses mes yeulx, de plus dormir ne voir / Iehan de Latre -- O enuieulx qui de mon infortune / Iehan de Latre -- O bon vouloir parfaict & amyable / Iehan de Latre -- Quand au vouloir Iespere fermement / Iehan de Latre -- Le ceur lesprit auecque mon desir / Iehan de Latre -- Iattens la fin que lamour commencee / Iehan de Latre -- Vng doulx regard, la belle me donna / Iehan de Latre -- A tort soeuffre tant de peine'& martire / Iehan de Latre -- Viure ne puis sur terre / Iehan de Latre -- Dieu scait pourquoy ie souspir'& lamente / Iehan de Latre -- Ingrate ne doibz estre, Et aussi ne le veulx estre / Iehan de Latre -- Avant laymer ie lay voulu cognoistre / Iehan de Latre -- A tort soeuffre sans lauoir merite / Iehan de Latre -- A tort soeuffre. En attendant / Iehan de Latre -- Iay vng refus, En lieu de mon salaire / Iehan de Latre -- De touttes Margarites quo[n] vist iamais en terre / Iehan de Latre -- Pour quoy'en amour mon ceur cha[n]geroie / Iehan de Latre.
=510  4\$aHenri Vanhulst, Catalogue des éditions de musique publiées à Louvain par Pierre Phalèse et ses fils 1545-1578 (Brussels: Palais des Académis, 1990),$cno. 31.
=510  4\$aJohn Milsom, 'The Nonsuch Music Library', in Chris Banks, Arthur Searle and Malcolm Turner (eds.), Sundry Sorts of Music Books: Essays on The British Library Collections, Presented to O. W. Neighbour on his 70th Birthday (London, 1993), 146-82,$cno. 27.
=510  4\$aRISM A/I,$cL 1061
=546  \\$aFrench words.
=650  \0$aPolyphonic chansons.
=700  1\$aArundel, Henry Fitz Alan,$cEarl of,$d1512-1580,$eformer owner.$5Uk.
=700  1\$aDe Latre, Petit Jean,$dapproximately 1510-1569,$ecomposer.
=700  1\$aLumley, John Lumley,$cBaron,$d1534?-1609,$eformer owner.$5Uk.
=700  1\$aPhalèse, Pierre,$dapproximately 1510-$eprinter.
=752  \\$aBelgium$dLouvain.$2lcsh/naf
=856  41$uhttp://purl.org/rism/AI/L1061$yDigitised score
=859  \\$aXLD$bDCW
=852  4\$cDRT$jDigital Store K.3.a.15.(4.)$aBritish Library$bMUSIC
=985  \\$aRecord amended for WR# 13/070
=985  \\$aname title to add
=985  \\$aCorrected by MS generated file for WR# 1805-0738
=CAT  \\$aBATCH-DCW$b00$c20171203$lBLL01$h0857
=CAT  \\$a1805-0738$c20190111$lBLL01$h1807
=CAT  \\$a1805-0738$b00$c20190111$lBLL01$h1828
=FIN  \\$aY$d20171203
=LKR  \\$aPAR$lBLL01$r776$b015834885$mSixiesme livre des chansons a quatre parties /$nSixiesme livre des chansons a quatre parties /
=DGM  \\$a015834885$bCatBridge variable field
=DRT  \\$aDCW
=SRC  \\$aDCW$bDCW_20171202
=OHC  \\$a1
=LAS  \\$a1805-0738$b00$c20190111$lBLL01$h1828

