=LDR  04781 cm a2200589 a 4500
=001  018630843
=003  Uk
=005  20171203085732.0
=007  cr\mn\024mpada
=008  930310m15541552be\||z\\s\\\\\\\|\\\fre\\
=FMT  \\$a  MU
=040  \\$aUk$beng$cUk
=042  \\$aukblsr
=082  14$a780$215
=130  0\$aChansons a quatre parties,$nlivre 6
=245  10$aChansons a quatre parties :$bnouvellement composez & mises en musicque par Maistre Iehan de Latre.
=264  \1$aA Louain :$bpar Pierre Phalese,$cMDLII [1552]
=300  \\$a4 part books ;$c18 x 24 cm (oblong 4º)
=336  \\$anotated music$2rdacontent
=337  \\$acomputer$2rdamedia
=338  \\$aonline$2rdacarrier
=340  \\$m4to$2rdabf
=500  \\$aCollection of chansons in four parts (SATB), with table of contents.
=500  \\$aCopy at K.3.a.15.(5.). Contratenor (16 leaves); original pagination: [1-3] I-XXVIII, XXVIII; paper dimensions: 153 x 206 mm.$5Uk
=500  \\$aCopy at K.3.a.15.(5.). Digitised score at http://purl.org/rism/AI/L1060.$5UK
=500  \\$aCover has a woodcut of Melpomene surrounded by the text: Comme L'escarboncle estant / en Or enclin Ainsi Musicque / est en conuiue de Vin Eccle. xxxij.
=500  \\$aTranscribed title page from contratenor part book: CONTRATENOR. / CHANSONS A QVATRE / PARTIES NOVVELLEMENT COMPOSEZ / ET MISES EN MUSICQUE PAR MAISTRE IEHAN DE / Latre Maistre de la chappelle du Reuerendiss. Euesque de liege &c. / Conuenables tant aux instrumentz comme à la voix. / PREMIER LIVRE. / Imprime a Louain par Pierre Phalese, pour luy & / Martin Rotaire, Lan M. D. LII. / AVEC GRACE ET PRIVILEGE.
=505  0\$aResueille toy coeur gracieux / Iehan de Latre -- Espoir sans fin me main'en desespoir / Iehan de Latre -- La Ieune dame, aya[n]t noble coraige / Iehan de Latre -- Doeul & malancolye, ce sont mes bie[n]s mo[n]dai[n]s / Iehan de Latre -- Iatte[n]s secours, de ma seulle pe[n]see / Iehan de Latre -- Malheur m'est heur & bie[n] sur tous bie[n]s desirable / Iehan de Latre -- Qui voeult son ceur en dieu damour offrir / Iehan de Latre -- De varier n'en est plus mention / Iehan de Latre -- Comment mes yeulx, auries vous bie[n]s promis / Iehan de Latre -- Si iay voulu De moy tant presumer / Iehan de Latre -- Blancq & clairet sont les couleurs, De ce bo[n] vin / Iehan de Latre -- O trist adieu, Qui du tout mest contraire / Iehan de Latre -- Cesses mes yeulx, de plus dormir ne veoir / Iehan de Latre -- O enuieulx qui de mon infortune / Iehan de Latre -- O bon vouloir parfaict & amyable / Iehan de Latre -- Quand au vouloir, Iespere fermement / Iehan de Latre -- Le ceur lesprit auecque mon desir / Iehan de Latre -- Iattens la fin que lamour commencee / Iehan de Latre -- Vng doulx regard, la belle me donna / Iehan de Latre -- A tort soeuffre tant de peine'& martire / Iehan de Latre -- Viure ne puis sur terre / Iehan de Latre -- Dieu scait pourquoy Ie souspir'& lamente / Iehan de Latre -- Ingrate ne doibz estre, Et aussi ne le veulx estre / Iehan de Latre -- Avant laymer Ie lay voulu cognoistre / Iehan de Latre -- A tort soeuffre sans lauoir merite / Iehan de Latre -- A tort soeuffre. En attendant / Iehan de Latre -- Iay vng refus, En lieu de mo[n] salaire / Iehan de Latre -- De Touttes Margarites quo[n] vist iamais en terre / Iehan de Latre -- Pour quoy,en amour mon ceur changeroie / Iehan de Latre.
=510  4\$aHenri Vanhulst, Catalogue des éditions de musique publiées à Louvain par Pierre Phalèse et ses fils 1545-1578 (Brussels: Palais des Académis, 1990),$cno. 8.
=510  4\$aRISM A/I,$cL 1060
=546  \\$aFrench words.
=650  \0$aPolyphonic chansons.
=700  1\$aDe Latre, Petit Jean,$dapproximately 1510-1569.
=700  1\$aPhalèse, Pierre,$dapproximately 1510-$eprinter.
=700  1\$aRotarius, Martin,$dactive 1538-1553.$tprinter.
=752  \\$aBelgium$dLouvain.$2lcsh/naf
=856  41$uhttp://purl.org/rism/AI/L1060$yDigitised score
=859  \\$aXLD$bDCW
=852  4\$cDRT$jDigital Store K.3.a.15.(5.)$aBritish Library$bMUSIC
=985  \\$aRecord amended for WR# 13/070
=985  \\$aname title to add
=985  \\$aCorrected by MS generated file for WR# 1805-0738
=CAT  \\$aBATCH-DCW$b00$c20171203$lBLL01$h0857
=CAT  \\$a1805-0738$c20190111$lBLL01$h1807
=CAT  \\$a1805-0738$b00$c20190111$lBLL01$h1828
=FIN  \\$aY$d20171203
=LKR  \\$aPAR$lBLL01$r776$b015834897$mChansons a quatre parties : nouvellement composez & mises en musicque par Maistre Iehan de Latre.$nChansons a quatre parties : nouvellement composez & mises en musicque par Maistre Iehan de Latre.
=DGM  \\$a015834897$bCatBridge variable field
=DRT  \\$aDCW
=SRC  \\$aDCW$bDCW_20171202
=OHC  \\$a1
=LAS  \\$a1805-0738$b00$c20190111$lBLL01$h1828

