=LDR  06229 cm a2200793 a 4500
=001  018630844
=003  Uk
=005  20171203085732.0
=007  cr\mn\024mpada
=008  930310m1559\\\\be\||z\\s\\\\\\\|\\\fre\\
=FMT  \\$a  MU
=040  \\$aUk$beng$cUk
=042  \\$aukblsr
=082  14$a780$215
=130  0\$aChansons a quatre parties,$nlivre 2
=245  10$aSecond livre des chansons a quatre parties :$bnouvellement composez et mises en musicque, convenables tant aux instrumentz comme a la voix.
=264  \1$aImprime à Lovain :$bpar Pierre Phalese,$cMXLIX [1559]
=300  \\$a4 part books (1 v) ;$c16 x 22 cm (oblong 4º)
=336  \\$anotated music$2rdacontent
=337  \\$acomputer$2rdamedia
=338  \\$aonline$2rdacarrier
=340  \\$m4to$2rdabf
=500  \\$aCollection of chansons in four parts (SATB).
=500  \\$aCopy at K.3.a.14.(2.). Digitised score at http://purl.org/rism/BI/1559/7.$5Uk
=500  \\$aCopy at K.3.a.14.(2.). Superius (16 leaves), contratenor (16 leaves), tenor (16 leaves), bassus (16 leaves), original pagination: superius and contratenor: [1-2] I-XXX, tenor: [1-2] I-VIII, XI, X-XXX, bassus: [1-2] I-II, IIII, IIII- XXX; paper dimensions: 153 x 208 mm.$5Uk
=500  \\$aCover has a woodcut of Melpomene surrounded by the text: Comme L'escarboncle estant / en Or enclin Ainsi Musicque / est en conuiue de Vin Eccle. xxxij.
=500  \\$aNew edition of RISM B/I, 1552 ¹² and 1554 ²³.
=500  \\$aThe composer of 'Pour ung jamais' is named only in the tenor part book.
=500  \\$aTranscribed title page from superius part book: SECOND LIVRE DES / CHANSONS A QVATRE / PARTIES NOVVELLEMENT COMPOSEZ / et Mises en Musicque, conuenables tant aux instrumentz / comme ala Voix. / SVPERIVS. / Imprime à Louain par Pierre Phalese libraire iure. Lan M. D. LIX. / Auecq Grace & Priuilege.
=500  \\$aWith table of contents.
=505  0\$aAdieu mon esperance, adieu mon souvenir / Rogier -- En attendant damour la joyssance / Clemens non papa -- Plus chault que feu je languis par tes yeulx / Clemens non papa -- Hellas mamour tu sces ou je pretens / Clemens non papa -- Avant me jours mort me fault encourir / Claudin le jeune -- Mon ceur chante joieusement / N. Vuismes -- O trist' adieu qui tant me mescontente / Vuaelrant -- Mourir convient sans resistence / Clemens non papa -- Si par fortune maves mis en oubly cause naves / Geraert Hobrecht -- Pour ungne helas jendure pensant de mieulx / Cricquillon -- Jour desire qui te pouldroit attaindre / Cricquillon -- Contre raison me donnez martire / Baston -- Craint' & espoir m'oppressent grandement / Baston -- Belle vostre amy'est venu / Le Cocq -- Adieu delices de mon ceur / Clemens non papa -- Adieu magnificques festins (Response) / Clemens non papa -- Entre vous mais mont attire vous yeulx / Cricquillon -- Toutes les nuyctz Aussy vient quant je couche / Baston -- Toutes les nuictz je ne pense qu'a celle qui a le corps / Ian Geraert -- Sans varier mon ceur je vous presente / [Anon] -- Pour ung jamais vous aymeray (Response) / Crespel -- Souffrir my fault & tousiours / Waelrant -- Recipe assis sur ung bancq de mayance le bon ia[m]bon / Crispel -- Au glay bergieronette a ce joli mois de may / Anto. Gallus -- Comment mes yeulx auris vous bien promis / Cricquillon -- Nous ne noyns, ny le voulo[n]s pretendre (Response) / Cricquillon -- Le ceur cruel a sa mort plus veult tendre (headed in superius and bassus: Replicque; headed in tenor: Response) / Cricquilon -- Allez soubdain mo[n] desir amoreulx / Cricquilon -- Amour au ceur me point qua[n]d bien ayme je suis / Vuaelrant -- Bon jour mamie bon jour & bon an / Claudin le jeune.
=510  4\$aHenri Vanhulst, Catalogue des éditions de musique publiées à Louvain par Pierre Phalèse et ses fils 1545-1578 (Brussels: Palais des Académis, 1990),$cno. 68.
=510  4\$aJohn Milsom, 'The Nonsuch Music Library', in Chris Banks, Arthur Searle and Malcolm Turner (eds.), Sundry Sorts of Music Books: Essays on The British Library Collections, Presented to O. W. Neighbour on his 70th Birthday (London, 1993), 146-82,$cno. 27.
=510  4\$aRISM B/I,$c1559 ⁷
=546  \\$aFrench words.
=650  \0$aPolyphonic chansons.
=700  0\$aRogier, Nicholas,$ecomposer.
=700  1\$aArundel, Henry Fitz Alan,$cEarl of,$d1512-1580,$eformer owner.$5Uk.
=700  1\$aBaston, Josquin,$dactive 1542-1563,$ecomposer.
=700  1\$aBuus, Giacques,$d-1565,$ecomposer.
=700  1\$aClemens non Papa, Jacobus,$dapproximately 1510-approximately 1555,$ecomposer.
=700  1\$aCrecquillon, Thomas,$d-1557?,$ecomposer.
=700  1\$aCrespel, Jean,$dactive 16th century,$ecomposer.
=700  1\$aGalli, Antonius,$d-1565,$ecomposer.
=700  1\$aGallus, Joannes,$dactive 16th century,$ecomposer.
=700  1\$aGerard, Jan,$ecomposer.
=700  1\$aLe Jeune, Claude,$d-1600,$ecomposer.
=700  1\$aLumley, John Lumley,$cBaron,$d1534?-1609,$eformer owner.$5Uk.
=700  1\$aObrecht, Gérard,$ecomposer.
=700  1\$aPhalèse, Pierre,$dapproximately 1510-$eprinter.
=700  1\$aWaelrant, Hubert,$d1516 or 1517-1595,$ecomposer.
=700  1\$aWisme, Nicholas,$ecomposer.
=752  \\$aBelgium$dLouvain.$2lcsh/naf
=856  41$uhttp://purl.org/rism/BI/1559/7$yDigitised score
=859  \\$aXLD$bDCW
=852  4\$cDRT$jDigital Store K.3.a.14.(2.)$aBritish Library$bMUSIC
=985  \\$aRecord amended for WR# 13/070
=985  \\$aname title to add
=985  \\$aCorrected by MS generated file for WR# 1805-0738
=CAT  \\$aBATCH-DCW$b00$c20171203$lBLL01$h0857
=CAT  \\$a1805-0738$c20190111$lBLL01$h1807
=CAT  \\$a1805-0738$b00$c20190111$lBLL01$h1828
=FIN  \\$aY$d20171203
=LKR  \\$aPAR$lBLL01$r776$b015835005$mSecond livre des chansons a quatre parties : nouvellement composez et mises en musicque, convenables tant aux instrumentz comme a la voix.$nSecond livre des chansons a quatre parties : nouvellement composez et mises en musicque, convenables tant aux instrumentz comme a la voix.
=DGM  \\$a015835005$bCatBridge variable field
=DRT  \\$aDCW
=SRC  \\$aDCW$bDCW_20171202
=OHC  \\$a1
=LAS  \\$a1805-0738$b00$c20190111$lBLL01$h1828

