=LDR  05208 cm a2200637 a 4500
=001  018631138
=003  Uk
=005  20171204020017.0
=007  cr\mn\024mpada
=008  930310s1549\\\\it\||z\\s\\\\\\\\\\\ita\\
=FMT  \\$a  MU
=019  d\$aam07960001
=040  \\$aUk$beng$cUk
=041  \\$aita$afre
=042  \\$aukblsr
=082  14$a780$215
=245  00$aFantesie, et recerchari a tre voci :$baccomodate da cantare et sonare per ogni instrumento /$ccomposte da M. Giuliano Tiburtino da Tievoli, musico eccellentis. Con la giunta di alcuni altri recerchari, et madrigali a tre voce / composti da lo eccellentiss. Adriano Vuigliart [i.e. Willaert], et Cipriano Rore suo discepolo. Com somma diligentia stampati, et da gli proprij exemplari estratti, novamente posti in luce.
=264  \1$aVenetiis :$bApud Hieronymum Scottum,$cMDXLIX [1549]
=300  \\$a3 part books ;$c15 x 21 cm (oblong 4º)
=336  \\$anotated music$2rdacontent
=337  \\$acomputer$2rdamedia
=338  \\$aonline$2rdacarrier
=340  \\$m4to$2rdabf
=500  \\$aCollection of ricercars, madrigals and one fantasia, all in three parts (STB).
=500  \\$aCopy at K.3.b.4. Cantus (20 leaves), Tenor (20 leaves), Bassus (20 leaves); no pagination, numbered by piece: Cantus: 1-13, XIIII-XXXIII Tenor: 1-13, XIIII-XXXIII Bassus: 1-13, XIIII-XXXIII; paper dimensions: 146 x 210 mm.$5Uk
=500  \\$aCopy at K.3.b.4. Digitised score at http://purl.org/rism/BI/1549/34.$5Uk
=500  \\$aTranscribed title page from cantus part book: FANTESIE, ET RECERCHARI / A TRE VOCI, ACCOMODATE / DA CANTARE ET SONARE PER OGNI IN- / strumento, Composte da M. Giuliano Tiburtino / da Tieuoli, Musico Eccellentiß. / CON LA GIVNTA DI ALCVNI / altri Recerchari, & Madrigali a tre Voce, Composti / da lo Eccellentiss. Adriano Vuigliart, / Et Cipriano Rore suo / Discepolo. / CON SOMMA DILIGENTIA STAMPATI, / Et da gli proprij exemplari estratti, / Nouamente posti in luce. / VENETIIS, APVD / Hieronymum Scottum. / M D XLIX.
=500  \\$aWith table of contents, separating ricercars and madrigals. Contents attributions taken from this.
=505  0\$aLa sol fa mi re ut ['Ut re mi fa sol la' in the tenor and bassus partbooks] / M. Giuliano Tiburtino da Tieuoli -- La sol fa mi fa / M. Giuliano Tiburtino da Tieuoli -- Fa re mi re sol mi fa mi / M. Giuliano Tiburtino da Tieuoli -- Fa mi fa re ut / M. Giuliano Tiburtino da Tieuoli -- Sol sol sol ut / M. Giuliano Tiburtino da Tieuoli -- Ut mi fa ut fa mi re ut / M. Giuliano Tiburtino da Tieuoli -- Re ut fa re sol fa mi / M. Giuliano Tiburtino da Tieuoli -- Re ut re fa mi re / M. Giuliano Tiburtino da Tieuoli -- Ut fa mi ut re mi ut / M. Giuliano Tiburtino da Tieuoli -- Re fa mi re la / M. Giuliano Tiburtino da Tieuoli -- Ut re mi ut / M. Giuliano Tiburtino da Tieuoli -- La sol fa mi re / M. Giuliano Tiburtino da Tieuoli -- Fantasia / M. Giuliano Tiburtino da Tieuoli -- O felice colui ch'al suo volere / Baldesar Donato -- Grave pen'in Amor / Cipriano Rore -- S'el veder voi m'ancide / Adriano Vuigliart -- Io dico & dißi / Cipriano Rore -- Sur le ioly ionc / Adriano Vuigliart -- Tutt'il di piango (secunda pars: Lasso che pur da lun'a l'altro sole) / Cipriano Rore -- Ite caldi sospiri al fredo core (secunda pars: Dir si puo ben per voi) / Nadal -- Amor che ved'ogni pensier aperto / Nadal -- [Ricercar] / Adriano Vuigliart -- [Ricercar] / Adriano Vuigliart -- [Ricercar] / Adriano Vuigliart -- [Ricercar] / Adriano Vuigliart -- [Ricercar] / Adriano Vuigliart -- [Ricercar] / Adriano Vuigliart -- [Ricercar] / Adriano Vuigliart -- [Ricercar] / Adriano Vuigliart.
=510  4\$aH. M. Brown, Instrumental music printed before 1600: a bibliography (Cambridge, MA, 1965),$c1549/7
=510  4\$aJ. Bernstein: Music printing in renaissance Venice: the Scotto Press, 1539-72 (New York, 1998),$cno. 95
=510  4\$aRISM B/I,$c1549 ³⁴
=546  \\$aItalian or French words in sung pieces.
=700  1\$aDonato, Baldassare,$d-1603,$ecomposer.
=700  1\$aRore, Cipriano de,$d1515 or 1516-1565,$ecomposer.
=700  1\$aScotto, Girolamo,$eprinter.
=700  1\$aTiburtino, Giuliano,$dapproximately 1510-1569,$ecomposer.
=700  1\$aWillaert, Adrian,$d1490?-1562,$ecomposer.
=710  2\$aScotto (Firm),$eprinter.
=752  \\$aItaly$dVenice.$2lcsh/naf
=856  41$uhttp://purl.org/rism/BI/1549/34$yDigitised score
=859  \\$aXLD$bDCW
=852  4\$cDRT$jDigital Store K.3.b.4.$aBritish Library$bMUSIC
=985  \\$aRecord amended for WR# 13/070
=985  \\$aname title to add
=985  \\$aCorrected by MS generated file for WR# 1805-0738
=CAT  \\$aBATCH-DCW$b00$c20171204$lBLL01$h0200
=CAT  \\$a1805-0738$c20190111$lBLL01$h1807
=CAT  \\$a1805-0738$b00$c20190111$lBLL01$h1828
=FIN  \\$aY$d20171204
=LKR  \\$aPAR$lBLL01$r776$b004246167$mFantesie, et recerchari a tre voci : accomodate da cantare et sonare per ogni instrumento /$nFantesie, et recerchari a tre voci : accomodate da cantare et sonare per ogni instrumento /
=DGM  \\$a004246167$bCatBridge variable field
=DRT  \\$aDCW
=SRC  \\$aDCW$bDCW_20171203
=OHC  \\$a1
=LAS  \\$a1805-0738$b00$c20190111$lBLL01$h1828

