=LDR  07340 cm a22008417  4500
=001  018631139
=003  Uk
=005  20171204020017.0
=007  cr\mn\024mpada
=008  930310s1541\\\\gw\||z\\s\\\\\\\\\\\mul\\
=FMT  \\$a  MU
=019  d\$aca08390001
=040  \\$aUk$beng$cUk
=041  \\$alat$ager$afre$aita$glat
=042  \\$aukblsr
=082  14$a780$215
=245  00$aTrium vocum cantiones centum :$bà praestantissimis diuersarum nationum ac linguaru[m] musicis compositae.
=264  \1$aNorimbergae :$bapud Iohan. Petreium,$c1541.
=300  \\$a3 part books ;$c16 x 22 cm (oblong 4º)
=336  \\$anotated music$2rdacontent
=337  \\$acomputer$2rdamedia
=338  \\$aonline$2rdacarrier
=340  \\$m4to$2rdabf
=500  \\$aCollection of motets and songs in three parts (DTB).
=500  \\$aCopy at K.3.e.19. Digitised score at http://purl.org/rism/BI/1541/2.$5Uk
=500  \\$aCopy at K.3.e.19. Discantus (56 leaves), Tenor (56 leaves), Bassus (56 leaves); paper dimensions: 146 x 200 mm.$5Uk
=500  \\$aTranscribed title page from tenor part book: Trium Vocum / Cantiones Centum, / à praestantissimis diuersa= / rum nationum ac linguarū Musicis compositae. / TENOR / TOMI PRIMI / Norimbergae apud Iohan. Petreium, / Anno M.D.XLI.
=500  \\$aWith table of contents, where the pieces are divided by language, and a preface in Latin.
=505  0\$aEffunde iram tuam / Concilium -- Si bona suscepimus -- Oi me patientia / Rup. Vnterholtzer -- Et iterum uentur[us] / Sampson -- Sol occasum / H. Isaac. -- Benedictus qui uenit -- Pleni sunt coeli / Anton. Divitis. -- An wasserflüssen Babilon / B. Dvcis. -- Wol dem der in Gottes forcht stet / G. Forstervs. -- Herr Christ der ainig Gottes son -- Deus adiuua me / L. Lemblin -- All mein mut / H. Isaac -- So ich bedenck anfang -- Qvae est ista -- Benedictus qui uenit -- Agnus Dei -- Von himel hoch da kom ich her / Io. Vvaltervs -- Aus tieffer not / G. Forstervs -- Sancte Michael / F. de Layolle -- Sicut malus interligna (secunda pars: Domine ante te) / P. Movlv -- Et exultauit spiritus meus / Arnol. de Bruck. -- Ich glaub un[d] darumb red ich / Benedic. Dvcis. -- Qvem tremu[n]t i[m]pia / Henr. Isaac. -- Tristicia uestra / H. Isaac. -- Esurientes impleuit bonis / Loyset. Comp. -- Sicut loquutus est -- Ave Maria -- Die brünlein die da fliessen / H. Isaac. -- Was sol ich machen -- Peccaui super numeru[m] -- Pater à nullo est / Sampson -- Fac mecum signum in bonum / A. de Sylua -- Ach Gott wie lang vergissest mei[n] / B. Dvcis -- Aus tieffer not / B. Dvcis -- Viuo ego dicit dominus -- Qvae est ista / La. Fagie -- Qvam pulchra es / La. Fagie -- Tota pulchra es (secunda pars: Iam enim hye[m]s) -- Veritas de terra orta est (secunda pars: Etenim Domin[us] dabit) / Heydenhamer -- O Thomas Dydime / Rup. Vnterholtzer -- Ornatam in monilibus / L. Heydenhamer. -- Esurientes impleuit bonis -- Virgo prude[n]tissima uirgo (secunda pars: Tota formosa) / Arnol. de Bruck -- Peccaui super numerum -- Lauda Christu[m] / Ioan. Mouton. -- Ave Maria / Ioan. Mouton. -- Domine Pater / F, De Layolle -- Ave Maria / F. de Layolle -- Do kam der bruder Stoffel --
=505  0\$aWer das elendt bawen wil -- Sia maledett' amore / Ioan. Gero. -- Tanta beltad'e in voi / In Gero. -- Non fia giamai / Io. Gero. -- Sio hauesse t'ant ardire / Ioan. Gero. -- Sia benedett' amore / Ioan. Gero. -- Ie ne fais rien / Ianequin. -- Qvando madona / Ioan. Gero. -- Per ampla strada / Ioan. Gero. -- Se'l dolce sdegn[e] / Ioan. Gero. -- Vostre beaulte / Iaquotin -- Perot viendras tu aux / Adrian. VVillart. -- A tu point / Adrian. VVillart. -- O felice pensier / Ioan. Gero. -- Ha che voi piu / Ioan. Gero. -- Madonna prego'l ciel / Io. Gero. -- Baises moy tant / Adrian. Vvillaert -- Nauez point veu / Richafort -- Priuodi quel che / Io. Gero. -- Madonn'io v'am / Ioan. Gero. -- Vignon vignette / Iannequin. -- Si mon malheur / Iannequin. -- Te deul. -- Forseulement. -- En amours. -- Sio vi mento / Io. Gero. -- Sei foco qual. / Iona. Gero. -- O notte madre / Ioan. Gero. -- Il non poter veder / Ioan. Gero. -- Io v'amo anci / Ioan. Gero. -- Damor l'ardente / Ioan. Gero. -- Perche mi fai morire / Ioan. Gero. -- Madonna con due lettre / Io. Gero. -- Or suis ie bien / Adrian. VVillart. -- La rouse de moys / Adrian. VVillart. -- Qvi est celuy qui / Adrian. VVillart. -- Hellas ie suis mary / Iannequin. -- Iay mis mo[n] coeur / Iannequin -- Amour amour tu es / Iannequin -- Piu temp'ho gia / Io. Gero. -- Si bella vi formo / Io. Gero. -- Lasso l'in vn sol / Io. Gero. -- Contre raison vous / Iannequin. -- Altro non e'l mi' / Io. Gero. -- Limmens'e alte / Io. Gero. -- Le bianche man / Io. Gero. -- Lasso ch'io ardo / Io. Gero. -- Amor quando fioriua / Io. Gero. -- Si consua Certr' Orpheo / Io. Gero. -- Si consua Certr' Orpheo / Io. Gero. -- Madonna sua merce / Io. Gero. -- Edont venes vous / P. Molu.
=510  4\$aRISM B/I,$c1541 ²
=546  \\$aWords in Latin, German, French and Italian.
=650  \0$aMotets.
=650  \0$aPart songs.
=700  0\$aJacotin,$ecomposer.
=700  1\$aBruck, Arnold von,$d1500?-1554,$ecomposer.
=700  1\$aCompère, Loyset,$dapproximately 1445-1518,$ecomposer.
=700  1\$aCreutziger, Elisabeth,$dapproximately 1500-1535,$eauthor.
=700  1\$aDe Silva, Andreas,$dactive 1510-1530,$ecomposer.
=700  1\$aDivitis, Antonius,$dapproximately 1475-$ecomposer.
=700  1\$aDucis, Benedictus,$dapproximately 1490-1544,$ecomposer.
=700  1\$aForster, Georg,$dapproximately 1510-1568,$ecomposer.
=700  1\$aGero, Ihan,$dactive 1540-1555,$ecomposer.
=700  1\$aIsaac, Heinrich,$dapproximately 1450-1517,$ecomposer.
=700  1\$aJanequin, Clément,$dapproximately 1495-approximately 1560,$ecomposer.
=700  1\$aLayolle, Francesco de,$d1492-approximately 1540,$ecomposer.
=700  1\$aLemlin, Lorenz,$dapproximately 1495-$ecomposer.
=700  1\$aMoulu, Pierre,$ecomposer.
=700  1\$aMouton, Jean,$d-1522,$ecomposer.
=700  1\$aPetrejus, Johannes,$d1497-1550,$eprinter.
=700  1\$aRichafort, Jean,$dactive 1507-1548,$ecomposer.
=700  1\$aSampson,$ecomposer.
=700  1\$aUnterholtzer, Rupert,$ecomposer.
=700  1\$aWalter, Johann,$d1496-1570,$ecomposer.
=700  1\$aWillaert, Adrian,$d1490?-1562,$ecomposer.
=752  \\$aGermany$dNuremberg.$2lcsh/naf
=856  41$uhttp://purl.org/rism/BI/1541/2$yDigitised score
=859  \\$aXLD$bDCW
=852  4\$cDRT$jDigital Store K.3.e.19$aBritish Library$bMUSIC
=985  \\$aEarly Music Online project
=985  \\$aRecord amended for WR# 13/070
=985  \\$aname title to add
=985  \\$aCorrected by MS generated file for WR# 1805-0738
=CAT  \\$aBATCH-DCW$b00$c20171204$lBLL01$h0200
=CAT  \\$a1805-0738$c20190111$lBLL01$h1807
=CAT  \\$a1805-0738$b00$c20190111$lBLL01$h1828
=FIN  \\$aY$d20171204
=LKR  \\$aPAR$lBLL01$r776$b004254474$mTrium vocum cantiones centum : à praestantissimis diuersarum nationum ac linguaru[m] musicis compositae.$nTrium vocum cantiones centum : à praestantissimis diuersarum nationum ac linguaru[m] musicis compositae.
=DGM  \\$a004254474$bCatBridge variable field
=DRT  \\$aDCW
=SRC  \\$aDCW$bDCW_20171203
=OHC  \\$a1
=LAS  \\$a1805-0738$b00$c20190111$lBLL01$h1828

