=LDR  07428 cm a2201009 a 4500
=001  018631140
=003  Uk
=005  20171204020017.0
=007  cr\mn\024mpada
=008  930317s1545\\\\it\moz\\s\\\\\\\\\\\lat\\
=FMT  \\$a  MU
=019  d\$adc12100002
=040  \\$aUk$beng$cUk
=042  \\$aukblsr
=082  14$a780$215
=130  0\$aFior de mottetti tratti dalli motetti del fiore.$n1 liber.
=245  10$aFlos florum.$nPrimus liber :$bcum quatuor vocibus : motetti del fiore a 4.
=246  13$aFlox florum
=264  \1$aVenetiis :$bApud Antonium Gardane,$cMDXXXXV [1545]
=300  \\$a4 part books ;$c16 x 22 cm (oblong 4º)
=336  \\$anotated music$2rdacontent
=337  \\$acomputer$2rdamedia
=338  \\$aonline$2rdacarrier
=340  \\$m4to$2rdabf
=500  \\$aA new edition of Fior de mottetti tratti dalli motetti del fiore, primus liber cum quatuor vocibus (Venice: Gardane, 1539), RISM 1539 ¹² with the same contents and attributions.
=500  \\$aCollection of motets in four parts (SATB).
=500  \\$aCopy at K.3.b.8. Cantus (24 leaves); Altus (24 leaves); Tenor (24 leaves); Bassus (24 leaves); original foliation: All part books : [1-2] I- XXXXV [46]; paper dimensions: 150 x 207 mm.$5Uk
=500  \\$aCopy at K.3.b.8. Digitised score at http://purl.org/rism/BI/1545/4.$5Uk
=500  \\$aTitle from bassus part.
=500  \\$aTranscribed title page from altus part book: FLOX FLORVM / PRIMVS LIBER CVM / QVATVOR VOCIBVS / Venetijs Apud Antonium Gardane / M. D. XXXXV. / Motetti fel fiore a 4 / ALTVS (Tenor part book also uses this form).
=500  \\$aTranscribed title page from bassus part book:FLOS FLORVM / PRIMVS LIBER CVM / QVATVOR VOCIBVS / Venetijs Apud Antonium Gardane / M. D. XXXXV. / Motetti fel fiore a 4 / BASSVS.
=500  \\$aTranscribed title page from cantus part book: FLOS FLORVM / PRIMVS LIBER CVM / QVATVOR VOCIBVS. / Venetijs Apud Antonium Gardane / M. D. XXXXV. / CANTVS.
=500  \\$aWith table of contents.
=500  \\$a'Beati omnes qui timent', 'Panis quem ego dabo' and 'Letetur omne seculum' attributed to Lupus (fl. 1518-30)) by Harry Lincoln and the RISM B/1 index, but are attributed instead to Lupus Hellinck in Grove.
=505  0\$aIn te domine speravi (secunda pars: Quoniam fortitudo mea) / Lerethier -- Letectur omne seculum (secunda pars: Hec Maria fuit illa) / Lupus -- Filie Ierusalem venite (secunda pars: Quoniam confortavit) / Archadelt -- Panis quem ego dabo (secunda pars: Locutus est populus) / Lupus -- Beati omnes qui timent (secunda pars: Ecce sic benedicetur) / Loyset Pieton -- Nisi dominus edificaverit (secunda pars: Cum dederit dilectis) / Lerethier -- Descendit angelus domini (secunda pars: Ne timeas quoniam) / Hilayre Penet -- Gloriosa virgo Cecilia semper / N. Paignier -- Dum aurora finem daret / N. Paignier -- Virtute magna (secunda pars: Repleti sunt quidem) / Lasson -- Tu es Petrus (secunda pars: Quodcumque ligaueris) / Gose -- Domine quis habitabit (secunda pars: Ad nihilum deductus) / Io. Courtois -- Benedixit deus Noe (secunda pars: Ecce ego statuam) / Archadelt -- Ave sanctissima Maria / Gombert -- Fuit homo missus a deo (secunda pars: Hic precursor et dilectus) / Gombert -- Tanto te[m]pore vobiscum sum / Verdelot -- Hec dies quam fecit dominus / Archadelt -- Beati omnes qui timent (secunda pars: Ecce sic benedicetur homo) / Lupus - Sponsa christi Cecilia (secunda pars: Biduanis ac triduanis) / Loiset pieton -- Qua[m] pulchra es (secunda pars: Veni dilecte mi) / Io. Lupi -- Omnis pulchritudo domini / Dambert -- Nisi ego abiero paraclitus / Dambert -- Vir inclitus Vincentius / F. de Lys -- Proba me deus et scito (secunda pars: Respice in me deus) / P. Manchicourt -- Que[m] dicu[n]t homines (secunda pars: Petre diligis me) / Richafort -- In co[n]verte[n]do dominus (secunda pars: Qui seminat in lachrimis) / Lupus -- Gabriel archangelus apparuit / Verdelot -- Pater noster (secunda pars: Ave Maria) / Adrianus uuillaert.
=510  3\$aHarry B. Lincoln, The Latin motet: indexes to printed collections, 1500-1600 (Ottawa: Institute of Medieval Music, 1993).
=510  4\$aMary S. Lewis, Antonio Gardana Venetian music printer 1538-1569: a descriptive and historical study (New York: Garland, 1988), Volume 1: 1538-1569,$cNo. 78
=510  4\$aRISM B/I,$c1545 ⁴
=546  \\$aLatin words.
=650  \0$aMotets.
=700  02$aLupus,$dactive 1518-1530.$tIn convertendo Dominus.
=700  1\$aGardane, Antonio,$d1509-1569,$eprinter.
=700  12$aArcadelt, Jacob,$dapproximately 1505-1568.$tBenedixit Deus Noe.
=700  12$aArcadelt, Jacob,$dapproximately 1505-1568.$tFiliae Jerusalem.
=700  12$aArcadelt, Jacob,$dapproximately 1505-1568.$tHaec dies.
=700  12$aCourtois, Jean,$dactive 1530-1545.$tDomine quis habitabit.
=700  12$aDambert,$dactive 16th century.$tNisi ego abiero.
=700  12$aDambert,$dactive 16th century.$tOmnis pulchritudo Domini.
=700  12$aGombert, Nicolas,$dactive 16th century.$tMotets,$mvoices (4),$nbook 1.$pAve sanctissima Maria.
=700  12$aGombert, Nicolas,$dactive 16th century.$tMotets,$mvoices (4),$nbook 1.$pFuit homo missus a Deo.
=700  12$aGosse,$cMaistre,$dactive 1520-1565.$tTu es Petrus.
=700  12$aHellinck, Lupus,$d-1541.$tBeati omnes qui timent Dominum.
=700  12$aHellinck, Lupus,$d-1541.$tLaetetur omne saeculum.
=700  12$aHellinck, Lupus,$d-1541.$tPanis quem ego dabo.
=700  12$aLasson, Mathieu,$dapproximately 1500-1553.$tVirtute magna.
=700  12$aLhéritier, Jean.$tIn te, Domine, speravi.
=700  12$aLhéritier, Jean.$tNisi Dominus edificaverit.
=700  12$aLupi, Johannes,$d-1539.$tQuam pulchra es et quam decora.
=700  12$aLys, F. de,$dactive 1539-1543.$tVir inclitus Vincentiu.
=700  12$aManchicourt, Pierre de,$dapproximately 1510-1564.$tProba me Deus.
=700  12$aPagnier, Nicolas.$tDum aurora finem daret.
=700  12$aPagnier, Nicolas.$tGloriosa virgo Cecilia semper.
=700  12$aPenet, Hilaire,$d1501?-$tDescendit angelus Domini.
=700  12$aPiéton, Loyset.$tBeati omnes qui timent Dominum.
=700  12$aPiéton, Loyset.$tSponsa Christi Cecilia.
=700  12$aRichafort, Jean,$dactive 1507-1548.$tQuem dicunt homines.
=700  12$aVerdelot, Philippe,$d-approximately 1565.$tGabriel archangelus.
=700  12$aVerdelot, Philippe,$d-approximately 1565.$tTanto tempore vobiscum sum.
=700  12$aWillaert, Adrian,$d1490?-1562.$tMotets,$mvoices (4),$nbook 2 (1539).$pPater noster.
=710  2\$aGardane (Firm),$eprinter.
=752  \\$aItaly$dVenice.$2lcsh/naf
=856  41$uhttp://purl.org/rism/BI/1545/4$yDigitised score
=859  \\$aXLD$bDCW
=852  4\$cDRT$jDigital Store K.3.b.8.$aBritish Library$bMUSIC
=985  \\$aRecord amended for WR# 13/070
=985  \\$aCorrected by MS generated file for WR# 1805-0738
=CAT  \\$aBATCH-DCW$b00$c20171204$lBLL01$h0200
=CAT  \\$a1805-0738$c20190111$lBLL01$h1807
=CAT  \\$a1805-0738$b00$c20190111$lBLL01$h1828
=CAT  \\$aBATCH-UPD$b00$c20190201$lBLL01$h2033
=FIN  \\$aY$d20171204
=LKR  \\$aPAR$lBLL01$r776$b004339630$mFlos florum. cum quatuor vocibus : motetti del fiore a 4.$nFlos florum. cum quatuor vocibus : motetti del fiore a 4.
=DGM  \\$a004339630$bCatBridge variable field
=DRT  \\$aDCW
=SRC  \\$aDCW$bDCW_20171203
=OHC  \\$a1
=LAS  \\$aBATCH-UPD$b00$c20190201$lBLL01$h2033

