=LDR  04432 cm a2200757 a 4500
=001  018631141
=003  Uk
=005  20171204020018.0
=007  cr\mn\024mpada
=008  930323s1539\\\\gw\msz\\s\\\\\\\\\\\lat\\
=FMT  \\$a  MU
=019  d\$aek11010006
=040  \\$aUk$beng$cUk
=041  \\$alat$glat
=042  \\$aukblsr
=082  14$a780$215
=245  00$aLiber quindecim missarum /$bà praestantissimis musicis compositarum, quarum nomina unà cum suis autoribus sequens pagina commonstrat.
=264  \1$aNorimbergae :$bApud Iohan. Petreium,$canno MDXXXIX [1539]
=300  \\$a4 part books ;$c16 x 21 cm (oblong 4º)
=336  \\$anotated music$2rdacontent
=337  \\$acomputer$2rdamedia
=338  \\$aonline$2rdacarrier
=340  \\$m4to$2rdabf
=500  \\$aCollection of masses in four parts (SATB).
=500  \\$aCopy at K.3.c.6. Digitised score at http://purl.org/rism/BI/1539/1.$5Uk
=500  \\$aCopy at K.3.c.6. Discantus (82), Contratenor (84), Tenor (54), Bassus (75); paper dimensions: 150 x 200 mm.$5Uk
=500  \\$aFull title found only in tenor part.
=500  \\$aTranscribed title page from tenor part book: LIBER QVINDE= / CIM MISSARVM, À PRAESTAN / tissimis Musicis compositarum, quarum nomina unà cum suis / autoribus sequens pagina commonstrat. / TENOR / Norimbergae apud Iohan. Petreium, anno / M.D.XXXIX. / Cum Priuilegio Imperiali ad quinquennium.
=500  \\$aWith foreword in Latin and table of contents.
=505  0\$a1. Lhomme arme sup[er] voces musicales / Iosquin -- 2. La sol fa re mi / Iosquin -- 3. Super Gaudeamus / Iosquin -- 4. Super Fortuna desperata / Iosquin -- 5. De beata Virgine / Iosquin -- 6. Festivale / Anthonij Brumel -- 7. O praeclara / Henrici Isaac -- 8. Hercules Dux Ferrariae / Lupi -- 9. Tous les regres / Petri de la Rue -- 10. Adiu mes amours / Francisci de Layolle -- 11. Ave Maris Stella / Iosquin -- 12. Dominicale / Guilhelmi Braitengrasser -- 13. A Lombre dung buissonet / Anthon. Brumel -- 14. Missa cuiusvis toni / Iohannis Ockekem -- 15. Missa duarum facierum & plus, canitur enim uel cum pausis, uel fine pausis / Pet. Molu.
=510  4\$aRISM B/I,$c1539 ¹
=546  \\$aLatin words.
=650  \0$aMasses.
=700  02$aJosquin,$cdes Prez,$d-1521.$tMissa Ave Maris Stella.
=700  02$aJosquin,$cdes Prez,$d-1521.$tMissa Fortuna desperata.
=700  02$aJosquin,$cdes Prez,$d-1521.$tMissa Gaudeamus.
=700  02$aJosquin,$cdes Prez,$d-1521.$tMissa L'Homme armé super voces musicales.
=700  02$aJosquin,$cdes Prez,$d-1521.$tMissa La sol fa re mi.
=700  02$aJosquin,$cdes Prez,$d-1521.$tMissa de Beata Virgine.
=700  02$aLupus,$dactive 1518-1530.$tMissa Hercules Dux Ferrariae.
=700  1\$aPetrejus, Johannes,$d1497-1550,$eprinter.
=700  12$aBreitengraser, Wilhelm,$d-1542.$tMissa Dominicale.
=700  12$aBrumel, Antoine,$dapproximately 1460-approximately 1515.$tMissa Festivale.
=700  12$aBrumel, Antoine,$dapproximately 1460-approximately 1515.$tMissa Je nay dueul.
=700  12$aIsaac, Heinrich,$dapproximately 1450-1517.$tMissa La mi la sol.
=700  12$aLa Rue, Pierre de,$d-1518.$tMissa Tous les regretz.
=700  12$aLayolle, Francesco de,$d1492-approximately 1540.$tMissa Adieu mes amours.
=700  12$aMoulu, Pierre.$tMissa Alma Redemptoris Mater.
=700  12$aOckeghem, Johannes,$dapproximately 1410-1497.$tMissa cuiusvis toni.
=710  2\$aJohannes Petrejus (Firm),$eprinter.
=752  \\$aGermany$dNuremberg.$2lcsh/naf
=856  41$uhttp://purl.org/rism/BI/1539/1$yDigitised score
=859  \\$aXLD$bDCW
=852  4\$cDRT$jDigital Store K.3.c.6.$aBritish Library$bMUSIC
=985  \\$aRecord amended for WR# 13/070
=985  \\$aCorrected by MS generated file for WR# 1805-0738
=CAT  \\$aBATCH-DCW$b00$c20171204$lBLL01$h0200
=CAT  \\$a1805-0738$c20190111$lBLL01$h1807
=CAT  \\$a1805-0738$b00$c20190111$lBLL01$h1828
=FIN  \\$aY$d20171204
=LKR  \\$aPAR$lBLL01$r776$b004513665$mLiber quindecim missarum / à praestantissimis musicis compositarum, quarum nomina unà cum suis autoribus sequens pagina commonstrat.$nLiber quindecim missarum / à praestantissimis musicis compositarum, quarum nomina unà cum suis autoribus sequens pagina commonstrat.
=DGM  \\$a004513665$bCatBridge variable field
=DRT  \\$aDCW
=SRC  \\$aDCW$bDCW_20171203
=OHC  \\$a1
=LAS  \\$a1805-0738$b00$c20190111$lBLL01$h1828

