=LDR  03401 cm a22006617  4500
=001  018631142
=003  Uk
=005  20171204020018.0
=007  cr\mn\024mpada
=008  930323s1547\\\\it\||z\\s\\\\\\\\\\\lat\\
=FMT  \\$a  MU
=019  d\$aek11010012
=040  \\$aUk$beng$cUk
=041  \\$alat
=042  \\$aukblsr
=082  14$a780$215
=130  0\$aMasses.
=245  10$aQuinque missarum harmonia diapente id est quinque voces referens.
=264  \1$aVenetijs :$bApud Antonium Gardane,$c1547.
=300  \\$a5 part books ;$c16 x 22 cm (oblong 4º)
=336  \\$anotated music$2rdacontent
=337  \\$acomputer$2rdamedia
=338  \\$aonline$2rdacarrier
=340  \\$m4to$2rdabf
=500  \\$aAttributions to Lupus Hellinck from Bonnie Blackburn "Hellinck, Lupus." in Grove Music Online.
=500  \\$aCollection of five masses in five parts.
=500  \\$aColophon: IN VENETIA NELLA STAMPA / D'Antonio Gardane Nellan[n]o del Signore M.D. XLVII.
=500  \\$aCopy at K.3.c.5. Digitised score at http://purl.org/rism/BI/1547/4.$5Uk
=500  \\$aCopy at K.3.c.5. SVPERIVS (20 leaves), ALTVS (20 leaves), TENOR (20 leaves), BASSVS (20 leaves), QVINTVS (20 leaves); superius, altus, tenor, bassus, quintus: [1] II-XX f.; paper dimensions: 151 x 207 mm.$5Uk
=500  \\$aThe Agnus Dei of Lupus's Missa Veni Sponsa Christi is to be sung to the same music as the Kyrie.
=500  \\$aTranscribed title page from superius part book: SVPERIVS / QVINQVE MISSARVM / HARMONIA DIAPENTE IDEST / Quinque Voces Referens Quarum Nomina Subsequuntur. / MISSA l'homme arme Morales 1/ MISSA De beata uirgine Morales 5 / MISSA Mort & mercy Iachet berchem 9 / MISSA Surrexit pastor Luppi 13 / MISSA Veni sponsa Christi Lupus 17 / Venetijs Apud Antonium Gardane. / M. D. XLVII.
=505  0\$aMissa L'homme arme / Morales -- Missa De beata uirgine Morales -- Missa Morte & mercy / Iachet berchem -- Missa Surrexit pastor / Luppi -- Missa Veni Sponsa Christi / Lupus.
=510  4\$aMary S. Lewis, Antonio Gardana Venetian Music Printer 1538-1569: A Descriptive and Historical Study (New York: Garland, 1988), Volume 1: 1538-1569,$cNo.113.
=510  4\$aRISM B/I,$c1547 ⁴
=546  \\$aLatin words.
=650  \0$aMasses$vParts
=700  1\$aBerchem, Jachet de,$dactive 16th century,$ecomposer.
=700  1\$aGardane, Antonio,$d1509-1569,$eprinter.
=700  1\$aHellinck, Lupus,$d-1541,$ecomposer.
=700  1\$aMorales, Cristóbal de,$dapproximately 1500-1553,$ecomposer.
=752  \\$aItaly$dVenice.$2lcsh/naf
=856  41$uhttp://purl.org/rism/BI/1547/4$yDigitised score
=859  \\$aXLD$bDCW
=852  4\$cDRT$jDigital Store K.3.c.5$aBritish Library$bMUSIC
=985  \\$aEarly Music Online project
=985  \\$aRecord amended for WR# 13/070
=985  \\$aname title to add
=985  \\$aCorrected by MS generated file for WR# 1805-0738
=CAT  \\$aBATCH-DCW$b00$c20171204$lBLL01$h0200
=CAT  \\$a1805-0738$c20190111$lBLL01$h1807
=CAT  \\$a1805-0738$b00$c20190111$lBLL01$h1828
=FIN  \\$aY$d20171204
=LKR  \\$aPAR$lBLL01$r776$b004513671$mQuinque missarum harmonia diapente id est quinque voces referens.$nQuinque missarum harmonia diapente id est quinque voces referens.
=DGM  \\$a004513671$bCatBridge variable field
=DRT  \\$aDCW
=SRC  \\$aDCW$bDCW_20171203
=OHC  \\$a1
=LAS  \\$a1805-0738$b00$c20190111$lBLL01$h1828

