=LDR  05665 cm a22007337  4500
=001  018631143
=003  Uk
=005  20171204020018.0
=007  cr\mn\024mpada
=008  930323s1538\\\\it\||z\\s\\\\\\\\\\\lat\\
=FMT  \\$a  MU
=019  d\$afa20780013
=040  \\$aUk$beng$cUk
=041  \\$alat
=042  \\$aukblsr
=082  14$a780$215
=130  0\$aMottetti del frutto,$nliber 1
=245  10$aPrimus liber cum quinque vocibus :$bMottetti del frutto.
=264  \1$aIn Vinetia :$bne la stampa d'Antonio Gardane,$c1538.
=300  \\$a5 part books (1 v) ;$c15 x 22 cm (oblong 4º)
=336  \\$anotated music$2rdacontent
=337  \\$acomputer$2rdamedia
=338  \\$aonline$2rdacarrier
=340  \\$m4to$2rdabf
=500  \\$aCollection of motets in five parts.
=500  \\$aColophon at the end of the altus and quinta pars part books: IN VINETIA NE LA STAMPA D'ANTONIO GARDANE, / ne l'anno del Signore. Del M. D. XXXVIII. Del mese di Settembre. / A. G. / CON GRATIA ET PRIVILEGIO.
=500  \\$aCopy at K.3.d.2. CANTUS (16 leaves); BASSUS (17 leaves); TENOR (16 leaves); ALTUS (16 leaves); QVINTA PARS (16 leaves); original foliation: Cantus: [1] II-XXXI [32]; Bassus: [1-3] II-XXXI [32]; Tenor: [1] II-XXXI [32]; Altus: [1] II-XXXI [32]; Quinta pars: [1] II-XXXI [32]; paper dimensions: 143 x 206 mm; on the title page of the altus part book 'quinque' is misspelt as 'quique'; Quinta pars part book has 'Cvm gratia & privilegio' printed on the title page.$5Uk
=500  \\$aCopy at K.3.d.2. Digitised score at http://purl.org/rism/BI/1538/4.$5Uk
=500  \\$aHarry Lincoln attributes the pieces by 'Lupi' to both Lupus ('Adoremus regem') and J. Lupi ('Strips Jesse'and 'Sancta Dei'). He lists all these pieces as attributed to Lupus in RISM 1549/05. In the New Grove, all these motets are attibuted to Johannes Lupi. The RISM B/I index agrees with Grove (though it calls him 'Jean Lupi'.
=500  \\$aTable of contents and dedication in the bassus part book only.
=500  \\$aThere is disagreement as to which composer is meant by 'Iachet'. Harry Lincoln attributes the motets by Iachet to Jachet de Berchem. In the RISM B/1 composer index the motets are attributed to Jacquet de Berchem. However, Lincoln also lists 'In die tribulationis', 'Repleatur os meum', 'Locutus est Dominus' and 'Salvum me fac' as by Jacquet of Mantua in other publications (including RISM 1538/02, 1539/08, 1542/05, 1542/06, 1553/05). In the New Grove, these motets (plus 'Nunquam super terram') are attributed to Jacquet of Mantua, and not to Jacquet de Berchem.
=500  \\$aTranscribed title page from cantus part book: CANTVS. / PRIMVS LIBER CVM QVINQVE / VOCIBVS. / MOTTETTI DEL FRUTTO.
=500  \\$aWoodcut of fruit on the title page.
=505  0\$aIn die tribulationis mee / Iachet - Repleatur os meu[m] / Iachet -- Pater peccaui in celu[m] (secunda pars: Quanti mercenarii) / Dominicvs Finot -- Locutus est dominus (secunda pars: Stetit moyses coram pharaone) / Iachet -- Hic est discipulus ille (secunda pars: Et uox clara intonuit) / N. Gombert -- Adoremus rege[m] magnum (secunda pars: O quanta e[st] exultatio) / Lupi - Stirps iesse uirga[m] (secunda pars: Virgo dei genitrix) / Lupi -- Saluu[m] me fac domine (secunda pars: Veni in altituin[em]) / Iachet -- Spiritus meus attenuabitur (secunda pars: Si sustinuero in fernus) / Dominicvs Finot -- Ne derelinquas me / Do. Finot -- Exurge quare ob dormis (secunda pars: Scia[n]t ge[n]tes) / Do. Finot -- Sancta dei genetrix (Hec est regina uirginum) / Lupi - Respice domine in testamentu[m] (secunda pars: Respice domine & miserere / Gombert -- Nunqua[m] super terra[m] / Iachet -- Tribulatio cordis mei / N. Gombert -- Sancta & immaculata uirginitas (secunda pars: Que est ista que processit) / N. Gombert -- Dum co[m]plere[n]tur dies (secunda pars: Facta aut[em] hac) / Antonius Gardane.
=510  1\$aHarry B. Lincoln, The Latin Motet: Indexes to Printed Collections, 1500-1600 (Ottawa: Institute of Medieval Music, 1993).
=510  4\$aMary S. Lewis, Antonio Gardana Venetian Music Printer 1538-1569: A Descriptive and Historical Study (New York: Garland, 1988), Volume 1: 1538-1569,$cno. 1.
=510  4\$aRISM B/I,$c1538 ⁴
=546  \\$aLatin words.
=650  \0$aMotets.
=700  0\$aJacquet,$cof Mantua,$d1483-1559,$ecomposer.
=700  1\$aBerchem, Jachet de,$dactive 16th century,$ecomposer.
=700  1\$aGardane, Antonio,$d1509-1569,$eprinter, composer.
=700  1\$aGombert, Nicolas,$dactive 16th century,$ecomposer.
=700  1\$aLupi, Johannes,$d-1539,$ecomposer.
=700  1\$aPallavicino, Sforza,$d1607-1667,$ededicatee.
=700  1\$aPhinot, Dominique,$dapproximately 1510-approximately 1555,$ecomposer.
=752  \\$aItaly$dVenice.$2lcsh/naf
=856  41$uhttp://purl.org/rism/BI/1538/4$yDigitised score
=859  \\$aXLD$bDCW
=852  4\$cDRT$jDigital Store K.3.d.2$aBritish Library$bMUSIC
=985  \\$aEarly Music Online project
=985  \\$aRecord amended for WR# 13/070
=985  \\$aname title to add
=985  \\$aCorrected by MS generated file for WR# 1805-0738
=CAT  \\$aBATCH-DCW$b00$c20171204$lBLL01$h0200
=CAT  \\$a1805-0738$c20190111$lBLL01$h1807
=CAT  \\$a1805-0738$b00$c20190111$lBLL01$h1828
=FIN  \\$aY$d20171204
=LKR  \\$aPAR$lBLL01$r776$b004538630$mPrimus liber cum quinque vocibus : Mottetti del frutto.$nPrimus liber cum quinque vocibus : Mottetti del frutto.
=DGM  \\$a004538630$bCatBridge variable field
=DRT  \\$aDCW
=SRC  \\$aDCW$bDCW_20171203
=OHC  \\$a1
=LAS  \\$a1805-0738$b00$c20190111$lBLL01$h1828

