=LDR  05447 cm a22007817  4500
=001  018631144
=003  Uk
=005  20171204020018.0
=007  cr\mn\024mpada
=008  930323s1539\\\\it\||z\\s\\\\\\\\\\\lat\\
=FMT  \\$a  MU
=019  d\$afa20780014
=040  \\$aUk$beng$cUk
=041  \\$alat
=042  \\$aukblsr
=082  14$a780$215
=130  0\$aFior de mottetti tratti dalli motetti del fiore.$n2 liber.
=245  10$aFior de mottetti tratti dalli motetti del fiore, secundus liber cum quinque vocibus.
=264  \1$aIn Venetia :$bper Antonio Gardane,$c1539.
=300  \\$a5 part books bound in 1 volume ;$c15 x 22 cm (oblong 4º)
=336  \\$anotated music$2rdacontent
=337  \\$acomputer$2rdamedia
=338  \\$aonline$2rdacarrier
=340  \\$m4to$2rdabf
=500  \\$aCollection of motets in five parts.
=500  \\$aColophon: IN VENETIA NELLA STAMPA D'ANTONIO GARDANE / Nello del Signore M. D. XXXIX. Nel mese di Decembre. / A. G.
=500  \\$aCopy at K.3.d.6. CANTVS (20 leaves), TENOR (20 leaves), ALTUVS (20 leaves), BASSVS (20 leaves), QVINTA PARS (20 leaves); original foliation: Cantus, Tenor, Altus, Bassus: [1-2] III- XXXIX [40] Quinta Pars: [1-2] III- XVII, XXII-XXIII, XX-XXI, XVIII-XIX, XXIIII- XXXIX [40]; paper dimensions: 142 x 206 mm; the Quinta Pars part book has several pages in the wrong order.$5Uk
=500  \\$aCopy at K.3.d.6. Digitised score at http://purl.org/rism/BI/1539/6.$5Uk
=500  \\$aTranscribed title page from cantus part book: SECVNDVS LIBER / CVM QVINQVE VOCIBVS. / CANTVS. CANTVS. / FIOR DE MOTETTI TRATTI DALLI / MOTTETTI DEL FIORE. / IN VENETIA PER ANTONIO GARDANE.
=500  \\$aWith table of contents.
=500  \\$a'In te domine speraui' attibuted to Lupus Hellinck in Grove.
=505  0\$aVidi speciosam sicut columbam (Secunda pars: Que est ista que processit) / Io. Lupi -- Nigra sum sed formosa / Leritier -- Dum co[m]plerentur dies penthecostes / Archadelt -- Congregati sunt inimici nostri / Archadelt -- Maria Magdalene et altera Maria (secunda pars: Cito euntes dicite discipulis) / P. Manchicourt -- Pontificum sublime decus (secunda pars: Seruate puerum) / Io. Lupi -- Gaudent in celis anime sanctorum / Archadelt -- Hierusalem luge (secunda pars: Deduc quasi torrentem) / Richafort -- Caro mea uere est cibus (secunda pars: Hic est panis qui de celo) / P. Manchicourt -- Deus in uomine tuo saluum me fac (secunda pars: Ecce enim deus adiuuat me) / Leritier -- Rogate que ad pace[m] su[n]t (secunda pars: Propter fratres meos) / Io. Courtois -- Beati omns qui timent (secunda pars: Ecce sic benedicetur) / N. Gombert -- In te domine speraui (secunda pars: Quoniam fortitudo mea) / Lupus -- Alma redemptoris mater (Secunda pars: Tu que genuisti) / Andreas Silua -- Suscipe uerbum uirgo Maria / N. Gombert -- Paries quidam filium / N. Gombert - Vias tuas domine demonstra[m] / N. Gombert -- Trahe nos ad portum maris / N. Gombert -- Alma redemptoris mater / Leritier -- Tu que genuisti natura / Leritier -- Si bona suscepimus / Verdelot -- O Beata Maria admitte preces (secunda pars: Assiste parata votis poscentium) / N. Gombert -- Si deus pro nobis quis co[n]tra (secunda pars: Quis igitur nos separabit) / Leo. Paminger -- Virgo prudentissima / Io. du Billon -- Repleatur os meum laude / Leretier.
=510  1\$aHarry B. Lincoln, The Latin Motet: Indexes to Printed Collections, 1500-1600 (Ottawa: Institute of Medieval Music, 1993).
=510  4\$aMary S. Lewis, Antonio Gardana Venetian Music Printer 1538-1569: A Descriptive and Historical Study (New York: Garland, 1988), Volume 1: 1538-1569,$cno. 11.
=510  4\$aRISM B/I,$c1539 ⁶
=546  \\$aLatin words.
=650  \0$aMotets.
=700  1\$aArcadelt, Jacob,$dapproximately 1505-1568,$ecomposer.
=700  1\$aBillon, Jhan de,$dactive 1534-1556,$ecomposer.
=700  1\$aCourtois, Jean,$dactive 1530-1545,$ecomposer.
=700  1\$aDe Silva, Andreas,$dactive 1510-1530,$ecomposer.
=700  1\$aGardane, Antonio,$d1509-1569,$eprinter.
=700  1\$aGombert, Nicolas,$dactive 16th century,$ecomposer.
=700  1\$aHellinck, Lupus,$d-1541,$ecomposer.
=700  1\$aLhéritier, Jean,$ecomposer.
=700  1\$aLupi, Johannes,$d-1539,$ecomposer.
=700  1\$aManchicourt, Pierre de,$dapproximately 1510-1564,$ecomposer.
=700  1\$aPaminger, Leonhard,$d1495-1567,$ecomposer.
=700  1\$aRichafort, Jean,$dactive 1507-1548,$ecomposer.
=700  1\$aVerdelot, Philippe,$d-approximately 1565,$ecomposer.
=752  \\$aItaly$dVenice.$2lcsh/naf
=856  41$uhttp://purl.org/rism/BI/1539/6$yDigitised score
=859  \\$aXLD$bDCW
=852  4\$cDRT$jDigital Store K.3.d.6$aBritish Library$bMUSIC
=985  \\$aEarly Music Online project.
=985  \\$aRecord amended for WR# 13/070
=985  \\$aname title to add
=985  \\$aCorrected by MS generated file for WR# 1805-0738
=CAT  \\$aBATCH-DCW$b00$c20171204$lBLL01$h0200
=CAT  \\$a1805-0738$c20190111$lBLL01$h1807
=CAT  \\$a1805-0738$b00$c20190111$lBLL01$h1828
=FIN  \\$aY$d20171204
=LKR  \\$aPAR$lBLL01$r776$b004538631$mFior de mottetti tratti dalli motetti del fiore, secundus liber cum quinque vocibus.$nFior de mottetti tratti dalli motetti del fiore, secundus liber cum quinque vocibus.
=DGM  \\$a004538631$bCatBridge variable field
=DRT  \\$aDCW
=SRC  \\$aDCW$bDCW_20171203
=OHC  \\$a1
=LAS  \\$a1805-0738$b00$c20190111$lBLL01$h1828

