=LDR  05325ccm a22008417  4500
=001  018631146
=003  Uk
=005  20230126163214.0
=007  cr\mn\024mpada
=008  930323s1539\\\\it\||z\\s\\\\\\\\\\\lat\\
=FMT  \\$a  MU
=019  d\$afa20780016
=040  \\$aUk$beng$cUk
=041  \\$alat
=042  \\$aukblsr
=082  14$a780$215
=130  0\$aMottetti del frutto a quatro,$nliber 1
=245  10$aPrimus liber cum quatuor vocibus :$bMottetti del frutto a quatro.
=264  \1$aVenetia :$bper Antonio Gardane,$c1539.
=300  \\$a4 part books (1 v) ;$c15 x 22 cm (oblong 4º)
=336  \\$anotated music$2rdacontent
=337  \\$acomputer$2rdamedia
=338  \\$aonline$2rdacarrier
=340  \\$m4to$2rdabf
=500  \\$aCollection of motets in four parts (SATB).
=500  \\$aCopy at K.3.d.3. CANTVS (20 leaves), TENOR (20 leaves), ALTVS (20 leaves), BASSVS (20 leaves); original foliation: [1-2] III-XXXIX [40] f.; paper dimensions: 143 x 207 mm .$5Uk
=500  \\$aCopy at K.3.d.3. Digitised score at http://purl.org/rism/BI/1539/13.$5Uk
=500  \\$aTranscribed title page from cantus part book: CANTVS. / PRIMVS LIBER CVM QVATVOR VOCIBVS. / MOTTETTI DEL FRVTTO A QVATRO. / IN VENETIA PER ANTONIO GARDANE. / CVM GRATIA ET PRIVILEGIO.
=500  \\$aWith table of contents.
=500  \\$aWoodcut of fruit on the title page.
=505  0\$aIn illo tempore dixit Iesus discipulis (secunda pars: Dicebant ergo quid est hoc) / iachet -- Qui seminant in lachrimis (secunda pars: Qui parce seminant) / N. - OMBERT -- Alma redemptoris mater (secunda pars: Tu que genuisti natura) / leretier -- Thomas unus de duodecim (secunda pars: Et post dies octo iterum) / Mestre Ihan -- Cenantibus illis accepit iesus (secunda pars: Dixerunt uir taberanculi mei) / Iaques du pont -- Dvm transisset sabbatum (secunda pars: Et ualde mane) / Alart -- Cerne meos ergo gemitus / Mestre ihan -- Benedictus dominus deus israel (secunda pars: Honor uirtus et potestas) / Lupi -- In te domine speraui (secunda pars: Quonia[m] fortitudo mea) / Verdelot -- Congratulamini mihi omnes (secunda pars: Recedentibus discipulis) / Lasson -- Domine exaltetur manus tua (secunda pars: Possederunt nos domine) / Archadelt -- Natiuitas tua dei genitrix / Ihan de billon -- Maria uirgo uirginum / A. Gardane -- Non turbetur cor uestrum (secunda pars: Ego rogabo patrem meum) / Gose -- Sancta maria succurre miseris / Verdelot -- Beata es uirgo maria / Leretier -- Lectio actuum apostolorum (secunda pars: Surrexerunt autem quidam) / Guarnier -- Que est ista que progreditur / Loyset Pieton -- Virga iesse floruit / Do. Finot -- Sub tuum presidium confugimus (secunda pars: Sed a periculis) / Certon -- Congratulamini mihi omnes / Claudin -- Ave uirgo gloriosa / Leretier -- Asce[n]des christus i[n] altu[m] (secunda pars: Ascendo ad patre[m]) / Leretier -- Spem in alium / Iacquet.
=510  1\$aHarry B. Lincoln, The Latin Motet: Indexes to Printed Collections, 1500-1600 (Ottawa: Institute of Medieval Music, 1993).
=510  4\$aMary S. Lewis, Antonio Gardana Venetian Music Printer 1538-1569: A Descriptive and Historical Study (New York: Garland, 1988), Volume 1: 1538-1569,$cno. 13.
=510  4\$aRISM B/I,$c1539 ¹³
=546  \\$aLatin words.
=650  \0$aMotets.
=700  0\$aJacquet,$cof Mantua,$d1483-1559,$ecomposer.
=700  0\$aMaistre Jhan,$dapproximately 1485-1538,$ecomposer.
=700  1\$aAlart,$ecomposer.
=700  1\$aArcadelt, Jacob,$dapproximately 1505-1568,$ecomposer.
=700  1\$aBillon, Jhan de,$ecomposer.
=700  1\$aCerton, Pierre,$d-1572,$ecomposer.
=700  1\$aGardane, Antonio,$d1509-1569,$eprinter, composer.
=700  1\$aGarnier,$dactive 1538-42,$ecomposer.
=700  1\$aGombert, Nicolas,$dactive 16th century,$ecomposer.
=700  1\$aGosse,$cMaistre,$dactive 1520-1565,$ecomposer.
=700  1\$aLasson, Mathieu,$dapproximately 1500-1553,$ecomposer.
=700  1\$aLhéritier, Jean,$ecomposer.
=700  1\$aLupi, Johannes,$d-1539,$ecomposer.
=700  1\$aPhinot, Dominique,$dapproximately 1510-approximately 1555,$ecomposer.
=700  1\$aPonte, Giaches de,$dactive 16th century,$ecomposer.
=700  1\$aSermisy, Claudin de,$dapproximately 1490-1562,$ecomposer.
=700  1\$aVerdelot, Philippe,$d-approximately 1565,$ecomposer.
=752  \\$aItaly$dVenice.$2lcsh/naf
=856  41$uhttp://purl.org/rism/BI/1539/13$yDigitised score
=859  \\$aXLD$bDCW
=852  4\$cDRT$jDigital Store K.3.d.3$aBritish Library$bMUSIC
=985  \\$aEarly Music Online project
=985  \\$aRecord amended for WR# 13/070
=985  \\$aname title to add
=985  \\$aCorrected by MS generated file for WR# 1805-0738
=CAT  \\$aBATCH-DCW$b00$c20171204$lBLL01$h0200
=CAT  \\$a1805-0738$c20190111$lBLL01$h1807
=CAT  \\$a1805-0738$b00$c20190111$lBLL01$h1828
=CAT  \\$aBATCH-UPD$b00$c20190201$lBLL01$h2033
=CAT  \\$aMFISHER$b40$c20230126$lBLL01$h1632
=FIN  \\$aY$d20171204
=LKR  \\$aPAR$lBLL01$r776$b004538633$mPrimus liber cum quatuor vocibus : Mottetti del frutto a quatro.$nPrimus liber cum quatuor vocibus : Mottetti del frutto a quatro.
=DGM  \\$a004538633$bCatBridge variable field
=DRT  \\$aDCW
=SRC  \\$aDCW$bDCW_20171203
=OHC  \\$a1
=LAS  \\$aMFISHER$b40$c20230126$lBLL01$h1632

