=LDR  07763 cm a22008177  4500
=001  018631147
=003  Uk
=005  20171204020018.0
=007  cr\mn\024mpada
=008  930323s1553\\\\be\||z\\s\\\\\\\\\\\lat\\
=FMT  \\$a  MU
=019  d\$afa20780026
=040  \\$aUk$beng$cUk
=041  \\$alat$glat
=042  \\$aukblsr
=082  14$a780$215
=130  0\$aEcclesiasticae cantiones,$nliber 1.
=245  10$aLiber primus ecclesiasticarum cantionum quatuor vocum, vulgo moteta vocant, tam ex veteri quam ex Nouo Testamento, ab optimis quibusque huius aetatis musicis compositarum.
=264  \1$aAntwerpiae :$bexcudebat Tilemannus Susato,$c1553.
=300  \\$a4 part books (1 v) ;$c16 x 21 cm (oblong 4º)
=336  \\$anotated music$2rdacontent
=337  \\$acomputer$2rdamedia
=338  \\$aonline$2rdacarrier
=340  \\$m4to$2rdabf
=500  \\$aAttribution for 'Tribulationes ciuitatem audiuimus' is taken from Harry B. Lincoln, The Latin Motet: Indexes to Printed Collections, 1500-1600 (Ottawa: Institute of Medieval Music, 1993), pp.761.
=500  \\$aCollection of motets in four parts.
=500  \\$aCopy at K.3.d.9. Digitised score at http://purl.org/rism/BI/1553/8.$5Uk
=500  \\$aCopy at K.3.d.9. SVPERIOR (20 leaves); CONTRATENOR (20 leaves); TENOR (20 leaves); BASSVS (20 leaves); Superior, Contratenor, Bassus: [1] ii-xx Tenor: [1] ii-x [11] xij-xx; paper dimensions: 148 x 193 mm.$5Uk
=500  \\$aTranscribed title page from superior part book: LIBER PRIMVS / ECCLESIASTICARVM / cantionum quatuor vocum / Vulgo Moteta vocant, tam ex Veteri quam ex Nouo / TESTAMENTO, AB OPTIMIS QVI- / busque huius aetatis Musicis compositarum. / ANTEA NVNQVAM EXCVSVS / SVPERIOR. / ANTVVERPIAE EXCVDE- / bat Tilemannus Susato e regione staterae nouae / Anno M. D. LIII / Cum gratia & priuilegio / Cesareae Maiestatis.
=500  \\$aUte Meissner lists 'Nobilis illa inter septenas' as the secunda pars of 'Timor & tremor venit in Niniuen' (Der Antwerpener Notendrucker Tylman Susato (Berlin: Verlag Merseburger, 1967), pp.85-87). Although 'secunda pars' is printed at the top of the page containing 'Nobilis illa inter septenas', the index lists this as a separate motet. In the superior and bassus part books the score is given its own composer heading as if it were the begining of a new motet. Furthermore, 'Timor and tremor' and 'Nobilis illa inter septenas' use different clefs in all parts. Harry Lincoln separates these as two motets.
=500  \\$aWith a dedication to D. Anthonio Perenoto, Bishop of Arras, in Latin in the tenor part book only.
=500  \\$aWith index at the front of all part books except the tenor.
=505  0\$aCognoscimus domine quia peccauimus tibi (secunda pars: Vita nostra in dolore suspirat) (headed: Confessio & oratio ad Deum) / Tho. Crecquillon -- Dixerunt discipuli ad beatum martinum (secunda pars: Sacerdos dei martine) / Cleue -- Angelus domini ad pastores ait (secunda pars: Paruulus filius hodie natus est) (headed: Luca Secundo) / Iaco. Clemens non Papa -- Memento creatoris tui / Colin -- Tristicia & anxietas (secunda pars: Sed tu domine qui non derelinquis) (headed: In anxietate) / Iaco. Clemens non Papa -- Gabriel angelus apparuit Zacharia (secunda pars: Hic praecursor & dilectus) (headed: De sancto Ioanne baptista) / Tho. Crecquillon -- Erraui sicut ouis que perijt (secunda pars: Delicta iuuentutis mee) (headed: Psalmus. C.xviij. Apropinquet; secunda pars headed: Psalmus xxiiii) / Iacobus Clemens non papa -- Tribulationes ciuitatem audiuimus (headed: Tempore angustiae) -- Exaudi domine orationem meam (secunda pars: Contristatus sum in cogitatione mea; tertia pars: Deduc me domine ad portu[m] salutis) (headed: Psalmus. Liiij) / Iaco. Clemens non Papa -- Voce mea ad dominum clamaui (secunda pars: Exurge domine saluum) / Ia. Clemens non papa -- Heu mihi domine quia peccaui nimis (secunda pars: Anima mea turbata est) (headed: Pro peccatis) / Ia. Clemens non papa -- Tristicia obsedit me (secunda pars: Quid igitur faciam) (headed: Tempore angustiae) / Iaco. Clemens non papa -- Zachee festinans descende (secunda pars: Domine deus omnipotens) / Tho. Crecquillon -- Timor & tremor venit in Niniuen (headed: Ione. iij. Capite) / Ia. Clemens non papa -- Nobilis illa inter septenas / Iacobus Clemens non Papa --
=505  0\$aPrudentes virgines acceperunt (secunda pars: Fatue autem sapientibus dixerunt) (In index, superius and contratenor (following rests): Date nobis de olco vestro) (headed: De virginibus. Mat. xxv) / Ioannes quiot, alias Castileti -- Qui sunt hij sermones (headed: Luce. xxiiij) / Ioannes de Hollande -- Pater peccaui in coelum (secunda pars: Quanti mercenarij in domo patris) (headed: Luce. XV. Capit.) / Adrianus Vuillart -- Angelus domini descendit de coelo (secunda pars: Angelus domini locutus est) (headed: Matthei. xxviij.cap.) -- O Lux & decus hispanie (secunda pars: O singluare praesidium) (headed: De Sancto Iacobe) / Iaco. Clemens no[n] papa -- Ambulans Iesus iuxta mare galilee (headed: Matthei quarto) -- Lapidaba[n]t Stephanu[m] inuocantem (secunda pars: Impetum fecerunt vnanimiter in eum) (headed: Actorum septimo) / Iaco. Clemens non Papa.
=510  1\$aHarry B. Lincoln, The Latin Motet: Indexes to Printed Collections, 1500-1600 (Ottawa: Institute of Medieval Music, 1993).
=510  4\$aJohn Milsom, 'The Nonsuch Music Library', in Chris Banks, Arthur Searle and Malcolm Turner (eds.), Sundry Sorts of Music Books: Essays on The British Library Collections, Presented to O. W. Neighbour on his 70th Birthday (London, 1993), 146-82,$cno. 5.
=510  4\$aRISM B/I,$c1553 ⁸
=510  4\$aU. Meissner, Der Antwerpener Notendrucker Tylman Susato (Berlin: Verlag Merseburger, 1967),$cpp.85-87.
=546  \\$aLatin words.
=650  \0$aMotets.
=700  1\$aArundel, Henry Fitz Alan,$cEarl of,$d1512-1580,$eformer owner.$5Uk.
=700  1\$aClemens non Papa, Jacobus,$dapproximately 1510-approximately 1555,$ecomposer.
=700  1\$aCleve, Johannes de,$d1528 or 1529-1582,$ecomposer.
=700  1\$aColin, Pierre,$dactive 1538-1565,$ecomposer.
=700  1\$aCrecquillon, Thomas,$d-1557?,$ecomposer.
=700  1\$aGuyot, Jean,$d-1588,$ecomposer.
=700  1\$aHollande, Jean de,$dactive 1538-1553,$ecomposer.
=700  1\$aLumley, John Lumley,$cBaron,$d1534?-1609,$eformer owner.$5Uk.
=700  1\$aPerenoto, D. Anthonio,$cBishop of Arras,$ededicatee.
=700  1\$aSusato, Tielman,$dactive 1529-1561,$eprinter.
=700  1\$aWillaert, Adrian,$d1490?-1562,$ecomposer.
=752  \\$aBelgium$dAntwerp.$2lcsh/naf
=856  41$uhttp://purl.org/rism/BI/1553/8$yDigitised score
=859  \\$aXLD$bDCW
=852  4\$cDRT$jDigital Store K.3.d.9$aBritish Library$bMUSIC
=985  \\$aEarly Music Online project
=985  \\$aRecord amended for WR# 13/070
=985  \\$aname title to add
=985  \\$aCorrected by MS generated file for WR# 1805-0738
=CAT  \\$aBATCH-DCW$b00$c20171204$lBLL01$h0200
=CAT  \\$a1805-0738$c20190111$lBLL01$h1807
=CAT  \\$a1805-0738$b00$c20190111$lBLL01$h1828
=CAT  \\$aBATCH-UPD$b00$c20190818$lBLL01$h2055
=CAT  \\$aBATCH-UPD$b00$c20200307$lBLL01$h1752
=FIN  \\$aY$d20171204
=LKR  \\$aPAR$lBLL01$r776$b004538642$mLiber primus ecclesiasticarum cantionum quatuor vocum, vulgo moteta vocant, tam ex veteri quam ex Nouo Testamento, ab optimis quibusque huius aetatis musicis compositarum.$nLiber primus ecclesiasticarum cantionum quatuor vocum, vulgo moteta vocant, tam ex veteri quam ex Nouo Testamento, ab optimis quibusque huius aetatis musicis compositarum.
=DGM  \\$a004538642$bCatBridge variable field
=DRT  \\$aDCW
=SRC  \\$aDCW$bDCW_20171203
=OHC  \\$a1
=LAS  \\$aBATCH-UPD$b00$c20200307$lBLL01$h1752

