=LDR  07028 cm a22008297  4500
=001  018631148
=003  Uk
=005  20171204020018.0
=007  cr\mn\024mpada
=008  930323s1553\\\\be\||z\\s\\\\\\\\\\\lat\\
=FMT  \\$a  MU
=019  d\$afa20780027
=040  \\$aUk$beng$cUk
=041  \\$alat
=042  \\$aukblsr
=082  14$a780$215
=130  0\$aEcclesiasticae cantiones,$nliber 2.
=245  10$aLiber secundus ecclesiasticarum cantionum quatuor uocum vulgo moteta uocant,$btam ex veteri quam ex nouo testamento, ab optimis quibusque huius aetatis musicis compositarum. Antea nunquam excusus.
=246  0\$aEcclesiasticarum cantionum quatuor vocum
=264  \1$aAntwerpiae :$bexcudebat Tilemannus Susato,$c1553.
=300  \\$a4 part books (1 v) ;$c16 x 21 cm (oblong 4º)
=336  \\$anotated music$2rdacontent
=337  \\$acomputer$2rdamedia
=338  \\$aonline$2rdacarrier
=340  \\$m4to$2rdabf
=500  \\$a'Peccantem me' is attributed to Benedictus in RISM 1545/02 and 1556/09 (Harry B. Lincoln, The Latin Motet: Indexes to Printed Collections, 1500-1600 (Ottawa: Institute of Medieval Music, 1993), p.762).
=500  \\$aCollection of motets in four parts.
=500  \\$aCopy at K.3.d.10. Digitised score at http://purl.org/rism/BI/1553/9.$5Uk
=500  \\$aCopy at K.3.d.10. SVPERIOR (20 leaves), CONTRA TENOR (20 leaves), TENOR (20 leaves), BASSVS (20 leaves); Superior, Contratenor, Tenor, Bassus: [1] ii-xx; paper dimensions: 148 x 196 mm.$5Uk
=500  \\$aTranscribed title page from superior part book: LIBER SECVNDVS ECCLESIASTICARVM / cantionum quatuor uocum / Vulgo Moteta uocant, tam ex Veteri quam ex Nouo / TESTAMENTO, AB OPTIMIS QVI- / busque huius aetatis Musicis co[m]positarum / ANTEA NVNQVAM EXCVSVS / ANTVVERPIAE EXCVDEBAT / Tilemannus Susato e regione statere noue / Anno M. D. LIII / Cum gratia & priuilegio / Cesareae Maiestatis.
=500  \\$aWith index at the front.
=505  0\$aAdiuro vos filiae Iherusalem (secunda pars: Dilecte me apprehendam te) (headed: Canticorum Tertio) / Iacobus Clemens non Papa -- Doleo super te Iesu fili mei (headed: Secundo Regum, Capite primo) / Benedictus -- Deus stetit qui vbi[que] in sijnagoga (secunda pars: Ego deus deorum) (headed: Psalmus LXXXI) / Iaco. Clemens non Papa -- Musica dei donum optimi / Incertus author.
=505  0\$aQuo avijt dilectus tuus (secunda pars: Qualis est dilectus tuus) / Incertus author -- Viue deo semper (secunda pars: Viue deo & totam circa) / Louys Pieton -- Circundederunt me viri mendaces (secunda pars: Quoniam tribulatio proxima est) / Iaco. Clemens non Papa -- Ioannes Ihesu Cristo multum dilecte virgo (secunda pars: Te Cristus in cruce triumphans) (headed: De sancto Ioanne Euangelista) / Lupus Hellinc -- Surge illuminare quia venit lumen tuum (secunda pars: Leua in circuitu) (headed: Iesaie capite Quadragesim[us]) / Thomas Crecquillon -- Panis quem ego dabo (secunda pars: Locutus est populus) (headed: Ioannis Sexte) / Carolus Souliart -- Os loquentium iniqua (headed: Psalmo LXII) / Thomas Crecquillon -- Agnus Christus in cruce immolatur (secunda pars: Hic solus dolores nostros tulit) / Incertus author -- O Domine adiuua me (secunda pars: Et si commisi vnde me) / Petit Ian De latere -- Peccantem me & non penitentem (secunda pars: Deus in nomine tuo saluum me fac) (headed: Psalmus LIII) / Incertus author -- Da pacem domine in diebus nostis (headed: Pro. sancta pace) / Adrianus Vuillart -- Domine Iesu Christe respicere digneris (headed: Oratio ad deum) / Iaco. Clemens non Papa -- Te deum patrem ingenitum (secunda pars: Te inuocamus te adoramus) (headed: De sancta Trinitate) / Martinus peu dargens -- Vox in rama audita est (headed: Matthei Secundo) / Iacobus Clemens non Papa -- Vnus panis & vnum corpus (secunda pars: Parasti in dulcedine tua) / Thomas Crecquillon -- Iustum deduxit dominus (secunda pars: Iste est qui ante deum) (headed: Sapientiae Decim.) / Petit Ian -- Ve tibi babylon & sijna / Iaco. Clemens non Papa -- Tota vita peregrinamur homines (secunda pars: Quare afflictis data est lux) / Cornelius Canis -- Beati qui sufferant tentationem / Ioannes Scheluius -- Aue salus mundi verbum (secunda pars: O salutaris hostia) / Iacobus vaedt --
=510  4\$aHarry B. Lincoln, The Latin Motet: Indexes to Printed Collections, 1500-1600 (Ottawa: Institute of Medieval Music, 1993).
=510  4\$aJohn Milsom, 'The Nonsuch Music Library', in Chris Banks, Arthur Searle and Malcolm Turner (eds.), Sundry Sorts of Music Books: Essays on The British Library Collections, Presented to O. W. Neighbour on his 70th Birthday (London, 1993), 146-82,$cno. 5.
=510  4\$aRISM B/I,$c1553 ⁹
=510  4\$aU. Meissner, Der Antwerpener Notendrucker Tylman Susato (Berlin: Verlag Merseburger, 1967),$cpp.87-89.
=546  \\$aLatin words.
=650  \0$aMotets.
=700  1\$aAppenzeller, Benedictus,$dactive 16th century,$ecomposer.
=700  1\$aArundel, Henry Fitz Alan,$cEarl of,$d1512-1580,$eformer owner.$5Uk.
=700  1\$aCanis, Cornelius,$dapproximately 1510-1561,$ecomposer.
=700  1\$aClemens non Papa, Jacobus,$dapproximately 1510-approximately 1555,$ecomposer.
=700  1\$aCrecquillon, Thomas,$d-1557?,$ecomposer.
=700  1\$aDe Latre, Petit Jean,$dapproximately 1510-1569,$ecomposer.
=700  1\$aHellinck, Lupus,$d-1541,$ecomposer.
=700  1\$aLumley, John Lumley,$cBaron,$d1534?-1609,$eformer owner.$5Uk.
=700  1\$aPeudargent, Martin,$dapproximately 1525-approximately 1586,$ecomposer.
=700  1\$aPiéton, Loyset,$ecomposer.
=700  1\$aScelutus, Joannes,$ecomposer.
=700  1\$aSouliaert, Carolus,$dactive 16th century,$ecomposer.
=700  1\$aSusato, Tielman,$dactive 1529-1561,$eprinter.
=700  1\$aVaet, Jacobus,$dapproximately 1529-1567,$ecomposer.
=700  1\$aWillaert, Adrian,$d1490?-1562,$ecomposer.
=752  \\$aBelgium$dAntwerp.$2lcsh/naf
=856  41$uhttp://purl.org/rism/BI/1553/9$yDigitised score
=859  \\$aXLD$bDCW
=852  4\$cDRT$jDigital Store K.3.d.10$aBritish Library$bMUSIC
=985  \\$aEarly Music Online project
=985  \\$aRecord amended for WR# 13/070
=985  \\$aname title to add
=985  \\$aCorrected by MS generated file for WR# 1805-0738
=CAT  \\$aBATCH-DCW$b00$c20171204$lBLL01$h0200
=CAT  \\$a1805-0738$c20190111$lBLL01$h1807
=CAT  \\$a1805-0738$b00$c20190111$lBLL01$h1828
=FIN  \\$aY$d20171204
=LKR  \\$aPAR$lBLL01$r776$b004538643$mLiber secundus ecclesiasticarum cantionum quatuor uocum vulgo moteta uocant, tam ex veteri quam ex nouo testamento, ab optimis quibusque huius aetatis musicis compositarum. Antea nunquam excusus.$nLiber secundus ecclesiasticarum cantionum quatuor uocum vulgo moteta uocant, tam ex veteri quam ex nouo testamento, ab optimis quibusque huius aetatis musicis compositarum. Antea nunquam excusus.
=DGM  \\$a004538643$bCatBridge variable field
=DRT  \\$aDCW
=SRC  \\$aDCW$bDCW_20171203
=OHC  \\$a1
=LAS  \\$a1805-0738$b00$c20190111$lBLL01$h1828

