=LDR  06510 cm a22008297  4500
=001  018631149
=003  Uk
=005  20171204020018.0
=007  cr\mn\024mpada
=008  930323s1553\\\\be\||z\\s\\\\\\\\\\\lat\\
=FMT  \\$a  MU
=019  d\$afa20780028
=040  \\$aUk$beng$cUk
=041  \\$alat$glat
=042  \\$aukblsr
=082  14$a780$215
=130  0\$aEcclesiasticae cantiones,$nliber 3.
=245  10$aLiber tertius ecclesiasticarum cantionum quatuor vocum vulgo moteta vocant :$btam ex veteri quam ex nouo testamento, ab optimis quibusque huius aetatis musicis compositarum. Antea nunquam excusus.
=264  \1$aAntwerpiae :$bexcudebat Tilemannus Susato,$c1553.
=300  \\$a4 part books (1 v) ;$c16 x 21 cm (oblong 4º)
=336  \\$anotated music$2rdacontent
=337  \\$acomputer$2rdamedia
=338  \\$aonline$2rdacarrier
=340  \\$m4to$2rdabf
=500  \\$aA collection of motets for four voices.
=500  \\$aCopy at K.3.d.11. Digitised score at http://purl.org/rism/BI/1553/10.$5Uk
=500  \\$aCopy at K.3.d.11. SUPERIOR (20 leaves), CONTRA TENOR (20 leaves), TENOR (20 leaves), BASSVS (20 leaves); superior, contratenor, tenor, bassus: [1] ii-xx; paper dimensions: 148 x 196 mm.$5Uk
=500  \\$aTranscribed title page from superius part book: LIBER TERTIVS / ECCLESIASTICARVM / cantionum quatuor vocum / Vulgo Moteta vocant, tam ex Veteri quam ex Nouo / TESTAMENTO, AB OPTIMIS QVI- / busque huius aetatis Musicis compositarum. / Antea nunquam excusus / SVPERIOR. / ANTVVERPIAE EXCVDEBAT / Tilemannus Susato e regione statere noue / Annon M. D. LIII / Cum gratia & priuilegio / Cesareae Maiestatis.
=500  \\$aWith index at the front.
=505  0\$aO fili dei roga patrem / Ia. Clemens non Papa -- Musica dei donum optimi / Iaco. Clemens non papa -- Misit me pater (secunda pars: Cibauit eum dominus) / Goesen Ionckers -- Hodierna lux diei (Secunda pars: Aue domina caelorum) / Lupus Hellinc -- O Crux gloriosa (secunda pars: Mihi autem absit) (headed in all parts except the superior: De Sancta Cruce) / Ioannes Cleue -- Aue virgo Cecilia (secunda pars: Aue virgo prudens) (headed in all parts except the superior: De Sancta Cecilia) / Pe. de Manchicourt -- Generosa virgo / Ioannes Hollande -- Verbum iniquum (headed in all parts except the superior: Prouerbiorum xxx) / Tho. Crequillon -- Vidi Iherusalem (secunda pars: Ab intus in fimbrijs) (headed in all parts except the superior: Apocalipsis xxi) / Incertus author -- Benedic anima mea (secunda pars: Miserator & misericors) / Pe. de Manchicourt -- Si pauper nihil offerat / Io. Baston -- Posuit coronam capiti (secunda pars: Iudica nocentes) (headed in all parts: Psalmus xxxiiij) / Incertus author -- Patris sapientia / Iacobus Vaet -- O praeclarum nomen (secunda pars: Benedic anima mea) / Petrus Messenus -- Congratulamini omnes / Iaco. Clemens non Papa -- Saluator mundi (secunda pars: Suppliciter te perimus) / Ia. Clemens non Papa -- Letare Iherusalem / Incertus author -- Confu[n]da[n]tur o[m]nes (secunda pars: Quoniam tribulatio proxima est) / Ia. Clemens non papa -- Gaudete cum letitia / Ieronimus Hequest -- Ecce panis angelorum / Petrus Iordanus -- Quid Christu[m] captiue (secunda pars: Asserit ad dexteram patris) / Iacobus Vaet Domine quis credidit (secunda pars: Vere languores nostros) (headed in all parts: De Christo prophetia quinquagesimo Tertio) / Ioannes Castileti -- Letatus sum (secunda pars: Rogate quae ad pacem) / Iacobus Vaet -- Iubilate deo omnis (secunda pars: Populus eius) / Incertus author.
=510  1\$aHarry B. Lincoln, The Latin Motet: Indexes to Printed Collections, 1500-1600 (Ottawa: Institute of Medieval Music, 1993.
=510  4\$aJohn Milsom, 'The Nonsuch Music Library', in Chris Banks, Arthur Searle and Malcolm Turner (eds.), Sundry Sorts of Music Books: Essays on The British Library Collections, Presented to O. W. Neighbour on his 70th Birthday (London, 1993), 146-82,$cno. 5.
=510  4\$aRISM B/I,$c1553 ¹⁰
=510  4\$aU. Meissner, Der Antwerpener Notendrucker Tylman Susato (Berlin: Verlag Merseburger, 1967), Vol.2,$cpp.89-91.
=546  \\$aLatin words.
=700  1\$aArundel, Henry Fitz Alan,$cEarl of,$d1512-1580,$eformer owner.$5Uk.
=700  1\$aBaston, Josquin,$dactive 1542-1563,$ecomposer.
=700  1\$aClemens non Papa, Jacobus,$dapproximately 1510-approximately 1555,$ecomposer.
=700  1\$aCleve, Johannes de,$d1528 or 1529-1582,$ecomposer.
=700  1\$aCrecquillon, Thomas,$d-1557?,$ecomposer.
=700  1\$aGosse,$cMaistre,$dactive 1520-1565,$ecomposer.
=700  1\$aGuyot, Jean,$d-1588,$ecomposer.
=700  1\$aHellinck, Lupus,$d-1541,$ecomposer.
=700  1\$aHequest, Hieronymus,$ecomposer.
=700  1\$aHollande, Jean de,$dactive 1538-1553,$ecomposer.
=700  1\$aJordan Petrus, fra,$ecomposer.
=700  1\$aLumley, John Lumley,$cBaron,$d1534?-1609,$eformer owner.$5Uk.
=700  1\$aMaessins, Pieter,$dapproximately 1505-1562,$ecomposer.
=700  1\$aMaistre,$dactive 1520-1565,$ecomposer.
=700  1\$aManchicourt, Pierre de,$dapproximately 1510-1564,$ecomposer.
=700  1\$aSusato, Tielman,$dactive 1529-1561,$eprinter.
=700  1\$aVaet, Jacobus,$dapproximately 1529-1567,$ecomposer.
=752  \\$aBelgium$dAntwerp.$2lcsh/naf
=856  41$uhttp://purl.org/rism/BI/1553/10$yDigitised score
=859  \\$aXLD$bDCW
=852  4\$cDRT$jDigital Store K.3.d.11$aBritish Library$bMUSIC
=985  \\$aEarly Music Online project
=985  \\$aRecord amended for WR# 13/070
=985  \\$aname title to add
=985  \\$aCorrected by MS generated file for WR# 1805-0738
=CAT  \\$aBATCH-DCW$b00$c20171204$lBLL01$h0200
=CAT  \\$a1805-0738$c20190111$lBLL01$h1807
=CAT  \\$a1805-0738$b00$c20190111$lBLL01$h1828
=CAT  \\$aBATCH-UPD$b00$c20190818$lBLL01$h2055
=CAT  \\$aBATCH-UPD$b00$c20200307$lBLL01$h1752
=FIN  \\$aY$d20171204
=LKR  \\$aPAR$lBLL01$r776$b004538644$mLiber tertius ecclesiasticarum cantionum quatuor vocum vulgo moteta vocant : tam ex veteri quam ex nouo testamento, ab optimis quibusque huius aetatis musicis compositarum. Antea nunquam excusus.$nLiber tertius ecclesiasticarum cantionum quatuor vocum vulgo moteta vocant : tam ex veteri quam ex nouo testamento, ab optimis quibusque huius aetatis musicis compositarum. Antea nunquam excusus.
=DGM  \\$a004538644$bCatBridge variable field
=DRT  \\$aDCW
=SRC  \\$aDCW$bDCW_20171203
=OHC  \\$a1
=LAS  \\$aBATCH-UPD$b00$c20200307$lBLL01$h1752

