=LDR  06851 cm a22007817  4500
=001  018631150
=003  Uk
=005  20171204020018.0
=007  cr\mn\024mpada
=008  930323s1554\\\\be\||z\\s\\\\\\\\\\\lat\\
=FMT  \\$a  MU
=019  d\$afa20780029
=040  \\$aUk$beng$cUk
=041  \\$alat
=042  \\$aukblsr
=082  14$a780$215
=130  0\$aEcclesiasticae cantiones,$nliber 4.
=245  10$aLiber Quartus Ecclesiasticarum cantionum quatuor vocum Vulgo Moteta vocant :$btam ex Veteri quam ex Novo Testamento, ab optimis quibusque huius aetatis musicis compositarum.
=264  \1$aAntwerpiae :$bTilemannus Susato,$c1554.
=300  \\$a4 part books (1 v) ;$c16 x 21 cm (oblong 4º)
=336  \\$anotated music$2rdacontent
=337  \\$acomputer$2rdamedia
=338  \\$aonline$2rdacarrier
=340  \\$m4to$2rdabf
=500  \\$aBoth Lincoln and Meissner attribute 'Tota pulchra es' to C. Morel (Clement Morel). However, the Grove entry for 'Morel' indicates that there are chanson publications with attributions to Clement Morel which have been subject to the same erasures of the first name seen in this copy, suggesting they are misattibuted to Clement. There were several other musicians named Morel active at this time including: a Morel who may have been in the service of Henry Fitzalan, Earl of Arundel; Jenin Morel, a singer in the chapel of Charles V; and Nicholas Morel, maître des enfants de choeur at Rouen Cathedral.
=500  \\$aCollection of motets in four parts.
=500  \\$aCopy at K.3.d.12. Digitised score at http://purl.org/rism/BI/1554/8.$5Uk
=500  \\$aCopy at K.3.d.12. SVPERIOR (20 leaves); CONTRA TENOR (20 leaves); TENOR (20 leaves); BASSVS (20 leaves); original foliation: Superior, Contratenor, Tenor, Bassus: [1] ii-xx; paper dimensions: 148 x 196 mm.$5Uk
=500  \\$aTranscribed title page from superius part book: LIBER QVARTVS / ECCLESIASTICARVM / cantionum quatuor uocum / Vulgo Moteta uocant, tam ex Veteri quam ex Nouo / TESTAMENTO, AB OPTIMIS QVI- / busque huius aetatis musicis co[m]positarum. / Antea nunquam excusus / SVPERIOR. / ANTVVERPIAE EXCVDEBAT / Tilemannus Susato, e regione statere noue / Anno M. D.LIIII. / Cum gratia & priuilegio / Cesareae Maiestatis. / De Lange.
=505  0\$aIn illo tempore accesserunt (secunda pars: Propter hoc dimittet) / Incertus autor -- Ego dominus hoc est nomen (secunda pars: Venite ergo ad me omnes) (Headed: Esaie.xlij) / Incertus autor -- Quid retribuam domino (secunda pars: O Domine quia ego servus tuus) (Headed: Psalmo cxv) / Antho. Galli -- Virgo gloriosa (secunda pars: Domine Jesu Christe) / Tho. Cricquillon -- Cantibus organicis Christi (secunda pars: Fundite cantores) / Ni. Gombert -- Tota pulchra es amica mea / Morel. -- Domine, quid multiplicati sunt (secunda pars: Ego dormius & soporatus su[m]) / Goudemel -- Civitatem istam circunda (Secunda pars: Avertatur furor tuus) / Incertus autor -- Usquequo domine oblivisceris (secunda pars: Illumina oculos meos) / Curingen -- Puelle saltanti imperavit mater (secunda pars: Domine mi rex) / Antho. Galli -- O Bone Jesu salvator mundi / Incertus autor -- Dominus regnavit decorum (secunda pars: Elevaverunt flumina domine) (Headed: Psalmus xcij) / Joan. Castileti -- O Maria templum dei (secunda pars: Mundum ornas novo flore) (Headed: De Domina) / Incertus Autor -- Pater noster qui es in coelis (secunda pars: Ave maria gratia plena) / Philippe de Vuildre -- Ave gertrudis virgo grata (secunda pars: Virgo nunc fidelis ora) (Headed: De Diva Gertrude) / Incertus autor -- Benedicam dominam in omni tempore (Secunda pars: Accedite ad eum) (Headed: Psalmus xxxiij) / Joannes Crispel -- In illo tempore dixit (secunda pars: Pacem relinquo vobis) / Benedictus Appenzeller -- Beati omnes qui timet dominum (secunda pars: Ecces it benedicetur) / Benedictus Appenzeller -- Domine exaudi orationem meum (secunda pars: Ne reminiscaris domine) (Headed: Psalmus Centesimus Primus) / Ja. Vaet -- O quam gloriosa (Headed: De Sancta Barbara) / Incertus autor -- Gaude foelis anna (secunda pars: Gaude foelix anna) (Headed: De Sancta Anna) / Clemens non Papa -- Usquequo domine oblivisceris (Headed: Psalmus xij) -- Incertus autor.
=510  1\$aU. Meissner, Der Antwerpener Notendrucker Tylman Susato (Berlin: Verlag Merseburger, 1967).
=510  4\$aHarry B. Lincoln, The Latin Motet: Indexes to Printed Collections, 1500-1600 (Ottawa: Institute of Medieval Music, 1993).
=510  4\$aJohn Milsom, 'The Nonsuch Music Library', in Chris Banks, Arthur Searle and Malcolm Turner (eds.), Sundry Sorts of Music Books: Essays on The British Library Collections, Presented to O. W. Neighbour on his 70th Birthday (London, 1993),$c146-82.
=510  4\$aRISM B/I,$c1554 ⁸
=650  \0$aMotets.
=700  1\$aAppenzeller, Benedictus,$dactive 16th century,$ecomposer.
=700  1\$aArundel, Henry Fitz Alan,$cEarl of,$d1512-1580,$eformer owner.$5Uk
=700  1\$aClemens non Papa, Jacobus,$dapproximately 1510-approximately 1555,$ecomposer.
=700  1\$aCrecquillon, Thomas,$d-1557?,$ecomposer.
=700  1\$aCrespel, Jean,$dactive 16th century,$ecomposer.
=700  1\$aCuringen, D.,$ecomposer.
=700  1\$aGalli, Antonius,$d-1565,$ecomposer.
=700  1\$aGombert, Nicolas,$dactive 16th century,$ecomposer.
=700  1\$aGoudimel, Claude,$d-1572,$ecomposer.
=700  1\$aGuyot, Jean,$d-1588,$ecomposer.
=700  1\$aLumley, John Lumley,$cBaron,$d1534?-1609,$eformer owner.$5Uk
=700  1\$aMorel, Clément,$ecomposer.
=700  1\$aSusato, Tielman,$dactive 1529-1561,$eprinter.
=700  1\$aVaet, Jacobus,$dapproximately 1529-1567,$ecomposer.
=700  1\$aWilder, Philip van,$d-1553,$ecomposer.
=752  \\$aBelgium$dAntwerp.$2lcsh/naf
=856  41$uhttp://purl.org/rism/BI/1554/8$yDigitised score
=859  \\$aXLD$bDCW
=852  4\$cDRT$jDigital Store K.3.d.12$aBritish Library$bMUSIC
=985  \\$aRecord amended for WR# 13/070
=985  \\$aname title to add
=985  \\$aCorrected by MS generated file for WR# 1805-0738
=CAT  \\$aBATCH-DCW$b00$c20171204$lBLL01$h0200
=CAT  \\$a1805-0738$c20190111$lBLL01$h1807
=CAT  \\$a1805-0738$b00$c20190111$lBLL01$h1828
=CAT  \\$aBATCH-UPD$b00$c20190818$lBLL01$h2055
=FIN  \\$aY$d20171204
=LKR  \\$aPAR$lBLL01$r776$b004538645$mLiber Quartus Ecclesiasticarum cantionum quatuor vocum Vulgo Moteta vocant : tam ex Veteri quam ex Novo Testamento, ab optimis quibusque huius aetatis musicis compositarum.$nLiber Quartus Ecclesiasticarum cantionum quatuor vocum Vulgo Moteta vocant : tam ex Veteri quam ex Novo Testamento, ab optimis quibusque huius aetatis musicis compositarum.
=DGM  \\$a004538645$bCatBridge variable field
=DRT  \\$aDCW
=SRC  \\$aDCW$bDCW_20171203
=OHC  \\$a1
=LAS  \\$aBATCH-UPD$b00$c20190818$lBLL01$h2055

