=LDR  05347 cm a22006617  4500
=001  018631151
=003  Uk
=005  20171204020018.0
=007  cr\mn\024mpada
=008  930323s1553\\\\be\||z\\s\\\\\\\\\\\lat\\
=FMT  \\$a  MU
=019  d\$afa20780030
=040  \\$aUk$beng$cUk
=041  \\$alat
=042  \\$aukblsr
=082  14$a780$215
=130  0\$aEcclesiasticae cantiones,$nliber 5.
=245  10$aLiber Quintus Ecclesiasticarum cantionum quinque vocum Vulgo Moteta vocant :$btam ex Veteri ex Novo Testamento, ab optimis quibusque huius etatis Musicis compositarum. Omnes primi toni antea nunquam excusus.
=260  \\$aAntwerpiae :$bTylemannus Susato,$c1553.
=300  \\$a5 part books (1 v.) ;$c16 x 21 cm (obl 4.̊)
=336  \\$anotated music$2rdacontent
=337  \\$acomputer$2rdamedia
=338  \\$aonline$2rdacarrier
=500  \\$aAttribution for 'Cristus factus est' taken from U. Meissner, Der Antwerpener Notendrucker Tylman Susato (Berlin: Verlag Merseburger, 1967), Vol.2, pp.91-93 and Harry B. Lincoln, The Latin Motet: Indexes to Printed Collections, 1500-1600 (Ottawa: Institute of Medieval Music, 1993), p.763.
=500  \\$aCollection of motets in five parts.
=500  \\$aCopy at K.3.e.1. Digitised score at http://purl.org/rism/BI/1553/12.$5Uk
=500  \\$aCopy at K.3.e.1. SUPERIOR (16 leaves); CONTRATENOR (16 leaves); TENOR (16 leaves); BASSVS (16 leaves); QVINTA PARS (16 leaves); original foliation: Superior, Contratenor, Tenor, Bassus, Quinta Pars: [1] ii-xvi; paper dimensions: 148 x 195 mm.$5Uk
=500  \\$aTranscribed title page from superior part book: LIBER QVINTVS / ECCLESIASTICARVM / cantionum quinque vocum / Vulgo Moteta vocant, tam ex Veteri ex Nouo / TESTAMENTO, AB OPTIMIS QVI- / busque huius etatis Musicis compositarum. / Omnes Primi toni / Antea nunquam excusus / SUPERIOR. / ANTVVERPIAE EXCVDEBAT / Tylemannus Susato, e regione statere noue. / Anno M. D. LIII / Cum gratia & priuilegio / Cesarea Maiestatis. / De Lange.
=500  \\$aWith index at the front.
=505  0\$aDiscite a me quia mitis (secunda pars: Quia qui se exultat) / Iacobus Clemens non Papa -- Ite in orbem vniuersum (secunda pars: Signa eos qui in me credent) / Ia. Clemens non Papa -- Benedic Domine domum istiam (secunda pars: Beati qui habitant) / Ioannes de Hollande -- Exaudiat te Dominus (secunda pars: Impleat dominus) / Tho. Cricquillon -- Fundata est domus Domini (secunda pars: Benedic Domine domum) / Petrus Manchicourt -- Exaudiat Dominus (secunda pars: Ad aperiat dominus) / Incertos Autor -- Fratres nolite esse prudentes (secunda pars: Scriptum est enim) / Incertus autor -- Tanto tempore vobiscum sum (secunda pars: Si cognouissetes me) / Petrus Manchicourt -- Domine deus omnipotens (secunda pars: Ideo misericordias & clemens pater) / Cornelius Canis -- Sancta et immaculata virginitas (secunda pars: Benedicta tu in mulieribus) / Simon Moreau -- Cantate Domino canticum nouum (secunda pars: Quoniam deus magnus Dominus) / Ioannes Louwys -- Angelus domini ad pastores ait (secunda pars: Paruulus filius) / Ia. Clemens no[n] Papa -- Aue verum corpus / Iaco. Clemens non Papa -- Dum transisset sabbatu[m] (secunda pars: Et valde mane una) / Iosquin Baston -- Aue stella matutina (secunda pars: Tu es area compluta celesti rore imbuta) / Petrus Manchicourt -- Cristus factus est (secunda pars: Propter quod & deus) / Incertus Autor.
=510  1\$aHarry B. Lincoln, The Latin Motet: Indexes to Printed Collections, 1500-1600 (Ottawa: Institute of Medieval Music, 1993).
=510  4\$aRISM B/I,$c1553 ¹²
=510  4\$aU. Meissner, Der Antwerpener Notendrucker Tylman Susato (Berlin: Verlag Merseburger, 1967),$cVol.2, pp.91-93.
=546  \\$aLatin words.
=650  \0$aMotets.
=700  1\$aBaston, Josquin,$dactive 1542-1563,$ecomposer.
=700  1\$aCanis, Cornelius,$dapproximately 1510-1561,$ecomposer.
=700  1\$aClemens non Papa, Jacobus,$dapproximately 1510-approximately 1555,$ecomposer.
=700  1\$aCrecquillon, Thomas,$d-1557?,$ecomposer.
=700  1\$aHollande, Jean de,$dactive 1538-1553,$ecomposer.
=700  1\$aLouys, Jean,$dapproximately 1530-1563,$ecomposer.
=700  1\$aManchicourt, Pierre de,$dapproximately 1510-1564,$ecomposer.
=700  1\$aMoreau, Symon,$dactive 1553-1558,$ecomposer.
=700  1\$aSusato, Tielman,$dactive 1529-1561,$eprinter.
=752  \\$aBelgium$dAntwerp.$2lcsh/naf
=856  41$uhttp://purl.org/rism/BI/1553/12$yDigitised score
=859  \\$aXLD$bDCW
=852  4\$cDRT$jDigital Store K.3.e.1$aBritish Library$bMUSIC
=985  \\$aRecord amended for WR# 13/070
=985  \\$aname title to add
=CAT  \\$aBATCH-DCW$b00$c20171204$lBLL01$h0200
=FIN  \\$aY$d20171204
=LKR  \\$aPAR$lBLL01$r776$b004538646$mLiber Quintus Ecclesiasticarum cantionum quinque vocum Vulgo Moteta vocant : tam ex Veteri ex Novo Testamento, ab optimis quibusque huius etatis Musicis compositarum. Omnes primi toni antea nunquam excusus.$nLiber Quintus Ecclesiasticarum cantionum quinque vocum Vulgo Moteta vocant : tam ex Veteri ex Novo Testamento, ab optimis quibusque huius etatis Musicis compositarum. Omnes primi toni antea nunquam excusus.
=DGM  \\$a004538646$bCatBridge variable field
=DRT  \\$aDCW
=SRC  \\$aDCW$bDCW_20171203
=OHC  \\$a1
=LAS  \\$aBATCH-DCW$b00$c20171204$lBLL01$h0200

