=LDR  06808 cm a22007457  4500
=001  018631152
=003  Uk
=005  20171204020018.0
=007  cr\mn\024mpada
=008  930323s1553\\\\be\||z\\s\\\\\\\\\\\lat\\
=FMT  \\$a  MU
=019  d\$afa20780032
=040  \\$aUk$beng$cUk
=041  \\$alat
=042  \\$aukblsr
=082  14$a780$215
=130  0\$aEcclesiasticae cantiones,$nliber 7.
=245  10$aLiber septimus Ecclesiasticarum cantionum quinque vocum Vulgo Moteta vocant :$btam ex Veteri ex Nouo Testamento, ab optimis quibusque huius aetatis musicis co[m]positarum. Antea nunquam excusus omnes de uno tono.
=264  \1$aAntwerpiae :$bTilemannus Susato,$c1553.
=300  \\$a5 part books in one volume ;$c16 x 20 cm (oblong 4º)
=336  \\$anotated music$2rdacontent
=337  \\$acomputer$2rdamedia
=338  \\$aonline$2rdacarrier
=340  \\$m4to$2rdabf
=500  \\$aCollection of motets in five parts.
=500  \\$aCopy at K.3.e.3. Digitised score at http://purl.org/rism/BI/1553/14.$5Uk
=500  \\$aCopy at K.3.e.3. SUPERIOR (16 leaves); CONTRA TENOR (16 leaves); TENOR (16 leaves); BASSVS (16 + 4 leaves); QVINTA PARS (16 leaves); original foliation: Superior, Contra tenor, Tenor, Quinta pars: [1] ii-xvi Bassus: [1] ii- xvi, xvii-xx (final 4 leaves not from this print); paper dimensions: 148 x 196 mm; the bassus has four leaves at the end which do not appear to be from this publication, but rather from RISM 1554/8: Liber quartus ecclesiasticarum cantionem quatoruor vocum Vulgo moteta vocant, tam ex Veteri quam ex Nouo testamento, ab optimis quibusque huius aetatis Musicis compositarum (Antwerp: Susato, 1554); these are: Fol.xvijr: end of 'In illo tempore dixit' by Benedictus Appenzeller (alleluya non quomodo mundus dat) Fol.xvijr: 'Beati omnes qui timent dominum' by Benedictus Appenzeller (secunda pars: Ecce sic be.) Fol.xviijv: 'Domine exaudi orationem' by Ia. Vaet (secunda pars: Ne reminiscaris domine) Fol.xixv: 'Q quam gloriosa in sexu fragili' (incertus autor) Fol.xx 'Gaude foelix anna' by Clemens non Papa (secunda pars: Gaude foelix anna) Fol.xxv: 'Vsquequo domine obliuisceris' (incertus autor); variations in the form of composers' names and titles and typographical differences in the lyrics and the notation of rests in the score suggest that this is from a different edition to BL: K.3.d.12.$5Uk
=500  \\$aIn all part books except the bassus, the composer's name (Clemens non Papa) has been pasted in above 'Hec est arbor dignissima' as a printed correction.
=500  \\$aTranscribed title page from superior part book: LIBER SEPTIMVS / ECCLESIASTICARVM / cantionum quinque uocum / Vulgo Moteta uocant, tam ex Veteri ex Nouo / TESTAMENTO, AB OPTIMIS QVI- / busque huius aetatis musicis co[m]positarum. / Antea nunquam excusus / Omnes de uno tono. / SUPERIOR. / ANTVVERPIAE EXCUDEBAT / Tilemannus Susato e regione statere noue / Anno M. D. LIII / Cum gratia & pruilegio / Cesarea Maiestatis. / De Lange.
=500  \\$aWith index at the front.
=505  0\$aPater peccaui (Secunda pars: Quanti mercenarij) / Pe. Manchicourt -- Domine non est exaltatum (Secunda pars: Sicut ablactatus est) / Cleme[n]s non Papa -- Domine quid multiplicati sunt (Secunda pars: Voce mea ad dominum; tertia pars: Non timebo milia) / Incertus autor -- Hec est arbor dignissima (Secunda pars: O crux benedicta) / Clemens non Papa (pasted above score in all other part books) or Ian Louys (in index and above score in bassus) -- Gregem tuum o pastor (secunda pars: Aue regem gloriose) / Ioannes Lupi -- Dixerunt impij adpud se (secunda pars: Videamus ergo) / Cornelius Canis -- Virginibus sacris (secunda pars: Milibus vndenis) / Ioannes Lupi. -- Inuocaui nomen tuum (secunda pars: Per singulos dies; tertia pars: In tribulatione mea) / Cornelius Canis (in index) or Incertus autor (above score) -- Iuxta vestibulum & altare (secunda pars: Immutemur habitu in cinere) / Christophorus Potier -- Aue sanctissima Maria / Cornelius Canis -- Ne proijcias me (secunda pars: Annos aeternos in mente habeam; tertia pars: In pace in idipsum dormiam) / Tho. Crecquillon -- Aperi domine oculos (secunda pars: Afflige opprimentes nos) / Benedictus -- Suscipiens Iesum in vlnas suas (Secunda pars: Responsum accepit Simeon) / Christianus Hollandere -- O florens rosa / Ioannes Castileti -- O Quam dulce spectaculum (secunda pars: Nam vultus eius claritas) / Cleme[n]s non Papa - Quous[que] domine (secunda pars: Confringe brachium) / Ioannes Gallus.
=510  4\$aHarry B. Lincoln, The Latin Motet: Indexes to Printed Collections, 1500-1600 (Ottawa: Institute of Medieval Music, 1993).
=510  4\$aRISM B/I,$c1553 ¹⁴
=510  4\$aU. Meissner, Der Antwerpener Notendrucker Tylman Susato (Berlin: Verlag Merseburger, 1967), pp.95-96.
=546  \\$aLatin words.
=650  \0$aMotets.
=700  1\$aAppenzeller, Benedictus,$dactive 16th century,$ecomposer.
=700  1\$aCanis, Cornelius,$dapproximately 1510-1561,$ecomposer.
=700  1\$aClemens non Papa, Jacobus,$dapproximately 1510-approximately 1555,$ecomposer.
=700  1\$aCrecquillon, Thomas,$d-1557?,$ecomposer.
=700  1\$aGallus, Joannes,$dactive 16th century,$ecomposer.
=700  1\$aGuyot, Jean,$d-1588,$ecomposer.
=700  1\$aHollander, Christian,$dapproximately 1510-1568 or 1569,$ecomposer.
=700  1\$aLupi, Johannes,$d-1539,$ecomposer.
=700  1\$aManchicourt, Pierre de,$dapproximately 1510-1564,$ecomposer.
=700  1\$aPotier, Christoph,$ecomposer.
=700  1\$aSusato, Tielman,$dactive 1529-1561,$eprinter.
=752  \\$aBelgium$dAntwerp.$2lcsh/naf
=856  41$uhttp://purl.org/rism/BI/1553/14$yDigitised score
=859  \\$aXLD$bDCW
=852  4\$cDRT$jDigital Store K.3.e.3$aBritish Library$bMUSIC
=985  \\$aRecord amended for WR# 13/070
=985  \\$aname title to add
=985  \\$aCorrected by MS generated file for WR# 1805-0738
=CAT  \\$aBATCH-DCW$b00$c20171204$lBLL01$h0200
=CAT  \\$a1805-0738$c20190111$lBLL01$h1807
=CAT  \\$a1805-0738$b00$c20190111$lBLL01$h1828
=CAT  \\$aBATCH-UPD$b00$c20190818$lBLL01$h2055
=FIN  \\$aY$d20171204
=LKR  \\$aPAR$lBLL01$r776$b004538648$mLiber septimus Ecclesiasticarum cantionum quinque vocum Vulgo Moteta vocant : tam ex Veteri ex Nouo Testamento, ab optimis quibusque huius aetatis musicis co[m]positarum. Antea nunquam excusus omnes de uno tono.$nLiber septimus Ecclesiasticarum cantionum quinque vocum Vulgo Moteta vocant : tam ex Veteri ex Nouo Testamento, ab optimis quibusque huius aetatis musicis co[m]positarum. Antea nunquam excusus omnes de uno tono.
=DGM  \\$a004538648$bCatBridge variable field
=DRT  \\$aDCW
=SRC  \\$aDCW$bDCW_20171203
=OHC  \\$a1
=LAS  \\$aBATCH-UPD$b00$c20190818$lBLL01$h2055

