=LDR  05752 cm a22007457  4500
=001  018631153
=003  Uk
=005  20171204020018.0
=007  cr\mn\024mpada
=008  930323s1553\\\\be\||z\\s\\\\\\\\\\\lat\\
=FMT  \\$a  MU
=019  d\$afa20780033
=040  \\$aUk$beng$cUk
=041  \\$alat
=042  \\$aukblsr
=082  14$a780$215
=245  00$aLiber octavus Ecclestiasticarum cantionum quinque vocum Vulgo Moteta vocant :$btam ex Veteri quam ex Nouo Testamento, ab optimis quibus huius aetatis Musicis co[m]positarum. Omnes de uno tono antea nunquam excusus.
=264  \1$aAntwerpiae :$bTilemannus Susato,$c1553.
=300  \\$a5 part books (1 v) ;$c15 x 21 cm (oblong 4º)
=336  \\$anotated music$2rdacontent
=337  \\$acomputer$2rdamedia
=338  \\$aonline$2rdacarrier
=340  \\$m4to$2rdabf
=500  \\$aCerton's 'Deus in nomine tuo' has a canon in the quinta pars (Adiuua nos deus noster).
=500  \\$aCollection of motets in five parts.
=500  \\$aCopy at K.3.e.4. Digitised score at http://purl.org/rism/BI/1553/15.$5Uk
=500  \\$aCopy at K.3.e.4. SUPERIOR (16 leaves); CONTRA TENOR (16 leaves); TENOR (16 leaves); BASSVS (16 leaves); QUINTA PARS (16 leaves); original foliation: Superior, Contratenor, Tenor, Bassus, Quinta pars: [1] ii-xvi; paper dimensions: 148 x 196 mm.$5Uk
=500  \\$aIn the bassus part book, 'Ne reminiscaris' in incorrectly labelled as 'secunda pars' and placed between the first and second parts of Clemens non Papa's 'Non relinquam vado'. 'Tota pulchra es' is found on fol.iiijv.
=500  \\$aTranscribed title page from superior part book: LIBER OCTAVVS / ECCLESTIASTICARVM / cantionum quinque uocum / Vulgo Moteta uocant, tam ex Veteri quam ex Nouo / TESTAMENTO, AB OPTIMIS QVI- / bus huius aetatis Musicis co[m]positarum. / Omnes de uno tono/ Antea nunquam excusus / SUPERIOR / ANTVVERPIAE EXCVDEBAT / Tilemannus Susati, e regione statere noue / Anno M. D. LIII / Cum gratia & priuilegio / Cesarea Maiestatis. / De Lange.
=500  \\$aWith index at the front.
=505  0\$aIerusalem surge (secunda pars: Leua in circuitu) / Clemens non Papa -- Non reliqua[m] vos orphanos (secunda pars: Vado parare vobis lucum) / Clemens non Papa -- Ne reminiscuris domine / Incertus autor -- Tota pulchra es / Cornelius Canis -- Videte miraculum mater domini (secunda pars: Suscipiens autem Iesum) / Clemens non Papa -- Tulerunt autem fratres eius (secunda pars: Videns Iacob vestimenta) / Clemens non Papa -- Aue sanctissima Maria / Ioannis Domin -- Numen in esse tibi / Tho. Cricquillon -- Aue virgo gloriosa (secunda pars: Omnis sanctis te honorat) / Tho. Cricquillon -- Dispereant nisi sit dea vera / Ioannes Louys (above score in superior, tenor and quinta pars part books) or Ciprian de Rore (in index and above the score in the contra tenor and bassus part books) -- Domine deus qui conteris (secunda pars: Allide virtutem eorum) / Thomas Cricquillon -- Qui confidunt in domino / Io. Baston -- Deus in nomine tuo (secunda pars: Auerte mala de inimicis) / Certon -- Praeparate corda vestra domino (secunda pars: Conuertimini ad eum) / Symon Moreau -- Musica dei donum optimi / Ioannes Louuys -- Ista est speciosa (secunda pars: Ista est quae ascendit) / Ioannes Lescuyr -- Domine ne longe facias (secunda pars: Deus meus respice in me) / Incertus autor -- Heu mihi domine / Incertus autor -- Laudemus pueram (secunda pars: Paruulus cum natus est) / Ioannes Larchier -- Qui est iste qui venit / Ioannis Louuys.
=510  1\$aH.M. Brown, Instrumental Music Printed Before 1600: A Bibliography (Cambridge, MA: Harvard University Press, 1965).
=510  1\$aU. Meissner, Der Antwerpener Notendrucker Tylman Susato (Berlin: Verlag Merseburger, 1967)
=510  4\$aRISM B/I,$c1553 ¹⁵
=546  \\$aLatin words.
=650  \0$aMotets.
=700  1\$aBaston, Josquin,$dactive 1542-1563,$ecomposer.
=700  1\$aCanis, Cornelius,$dapproximately 1510-1561,$ecomposer.
=700  1\$aCerton, Pierre,$d-1572,$ecomposer.
=700  1\$aClemens non Papa, Jacobus,$dapproximately 1510-approximately 1555,$ecomposer.
=700  1\$aCrecquillon, Thomas,$d-1557?,$ecomposer.
=700  1\$aDomin, Joannes,$ecomposer.
=700  1\$aLarchier, Jean,$dactive 1544-1555,$ecomposer.
=700  1\$aLescuyer, Johannes,$ecomposer.
=700  1\$aLouys, Jean,$dapproximately 1530-1563,$ecomposer.
=700  1\$aMoreau, Symon,$dactive 1553-1558,$ecomposer.
=700  1\$aRore, Cipriano de,$d1515 or 1516-1565,$ecomposer.
=700  1\$aSusato, Tielman,$dactive 1529-1561,$eprinter.
=752  \\$aBelgium$dAntwerp.$2lcsh/naf
=856  41$uhttp://purl.org/rism/BI/1553/15$yDigitised score
=859  \\$aXLD$bDCW
=852  4\$cDRT$jDigital Store K.3.e.4$aBritish Library$bMUSIC
=985  \\$aRecord amended for WR# 13/070
=985  \\$aname title to add
=985  \\$aCorrected by MS generated file for WR# 1805-0738
=CAT  \\$aBATCH-DCW$b00$c20171204$lBLL01$h0200
=CAT  \\$a1805-0738$c20190111$lBLL01$h1807
=CAT  \\$a1805-0738$b00$c20190111$lBLL01$h1828
=FIN  \\$aY$d20171204
=LKR  \\$aPAR$lBLL01$r776$b004538649$mLiber octavus Ecclestiasticarum cantionum quinque vocum Vulgo Moteta vocant : tam ex Veteri quam ex Nouo Testamento, ab optimis quibus huius aetatis Musicis co[m]positarum. Omnes de uno tono antea nunquam excusus.$nLiber octavus Ecclestiasticarum cantionum quinque vocum Vulgo Moteta vocant : tam ex Veteri quam ex Nouo Testamento, ab optimis quibus huius aetatis Musicis co[m]positarum. Omnes de uno tono antea nunquam excusus.
=DGM  \\$a004538649$bCatBridge variable field
=DRT  \\$aDCW
=SRC  \\$aDCW$bDCW_20171203
=OHC  \\$a1
=LAS  \\$a1805-0738$b00$c20190111$lBLL01$h1828

