=LDR  06699 cm a2200841 a 4500
=001  018631154
=003  Uk
=005  20171204020018.0
=007  cr\mn\024mpada
=008  930323s1554\\\\be\moz\\s\\\\\\\\\\\lat\\
=FMT  \\$a  MU
=019  d\$afa20780034
=040  \\$aUk$beng$cUk
=041  \\$alat
=042  \\$aukblsr
=082  14$a780$215
=130  0\$aEcclesiasticae cantiones,$nliber 9.
=245  10$aLiber nonus ecclesiasticarum cantionum quinque vocum :$bvulgo moteta vocant : tam ex Veteri quam ex Novo Testamento /$cab optimus quibusque huius aetatis musicis co[m]positarum. Omnes de uno tono antea nunquam excusus.
=264  \1$aAntvverpiae excudebat :$bTilemannus Susato, e regione statere noue,$cAnno MDLIIII [1554]
=300  \\$a5 part books ;$c16 x 21 cm (oblong 4º)
=336  \\$anotated music$2rdacontent
=337  \\$acomputer$2rdamedia
=338  \\$aonline$2rdacarrier
=340  \\$m4to$2rdabf
=500  \\$aCollection of motets in five parts (SATBQ), by various composers.
=500  \\$aContratenor part book has date M. D. LIII [1553].
=500  \\$aCopy at K.3.e.5. Digitised score at http://purl.org/rism/BI/1554/9.$5Uk
=500  \\$aCopy at K.3.e.5. Superior (16 leaves), Contratenor (16 leaves), Tenor (16 leaves), Bassus (16 leaves), Quinta Pars (16 leaves); original foliation: Superior, Contratenor, Tenor, Bassus, Quinta Pars: [1] ii-xvi f.; paper dimensions: 148 x 192 mm.$5Uk
=500  \\$aTranscribed title page from Superior part book: LIBER NONVS / ECCLESIASTICARVM / cantionum quinque uocum / Vulgo Moteta uocant, tam ex Veteri quam ex Nouo / TESTAMENTO, AB OPTIMIS QVI- / busque huius aetatis Musicis cōpositarum. / Omnes de uno tono / Antea nunquam excusus / SUPERIOR. / ANTVVERPIAE EXCVDEBAT / Tilemannus Susato, e regione statere noue / Anno M. D. LIIII. / Cumgratia & priuilegio / Cesareae Maiestatis. / De Lange.
=500  \\$aWith index at the front.
=505  0\$aQuousque domine stabis procul (secunda pars: Et ne negligas illos) (Headed: Invoca. ad deum) / Pe. Manchicourt -- Orante sancto Clemente (secunda pars: Vidi supra montem agnum stantem) (Headed: De sacto Clemente) / Clemens non Papa -- Ego dominus hoc est nomen meum (secunda pars: Venite ergo ad me omnes) (Headed: Esaie Quadragesimo secundo) / Io. Louuys -- Exaltare tui domine (secunda pars: Educas panem de terra) / Io. Gallus -- Musica dei donum optimi / Ioannes Gallus -- Anima mea liquefacta est / Cabbiliau -- Miserere mei deus secundu[m] magna[m] misericordiam (secunda pars: Ecce enim in iniquitatibus) / Iacobus Vaet -- Vox in rama audita est (Headed: Matthei secundo) / Ioannes Crespel -- Vox in rama audita est / Ioannes Louuys -- Iob tonso capite (secunda pars: Dominus dedit dominus abstulit) / Clemens non Papa -- Perpetuum toto nihil hoc sibi (Headed: Carmen Elegiacum) / Incertus autor -- Expurgate vetus fermentum (secunda pars: Itaque epulemur) / Ioannes Louuys -- Dauid rex propheta dei (secunda pars: Quater milla dictu mirum) (Headed: Paralipomenon Capite. xxv) / Ioannes Crespel -- Miserere nostri deus omnium / Ioannes Louuys -- Nemo potest duobus dominus servire (secunda pars: Propterea dico vobis) (Headed: Matthei Sexto) / Ioannes Louuys -- Musica dei donum optimi (secunda pars: Musica vel ipsas arbores) / Ni. Rogier -- Miserere mei domine quoniam infirmus sum (secunda pars: Convertere domine & cripe animam meam) (Headed: Psalmo Sexto) / Ioannes Louuys -- Te deum laudamus (secunda pars: Exultet tibi omnis caro) / Tho. Cricquillon -- Tota die contristatus sum (secunda pars: Eripe me de inimicis meis) / Ioannes Louuys -- Peccata mea domine (secunda pars: Quoniam iniquitatem meam) (Headed: Psalmo xxxvij) / Tyelman Susato.
=510  3\$aHarry B. Lincoln, The Latin motet: indexes to printed collections, 1500-1600 (Ottawa: Institute of Medieval Music, 1993).
=510  4\$aRISM B/I,$c1554 ⁹
=510  4\$aU. Meissner, Der Antwerpener Notendrucker Tylman Susato (Berlin: Verlag Merseburger, 1967),$cVol. 2, pp. 104-106
=650  \0$aMotets.
=700  1\$aSusato, Tielman,$dactive 1529-1561,$eprinter.
=700  12$aCabilliau, Joachim,$dapproximately 1518-$tAnima mea liquefacta est.
=700  12$aClemens non Papa, Jacobus,$dapproximately 1510-approximately 1555.$tJob tonso capite,$mvoices (5)
=700  12$aClemens non Papa, Jacobus,$dapproximately 1510-approximately 1555.$tOrante sancto Clemente.
=700  12$aCrecquillon, Thomas,$d-1557?.$tTe Deum laudamus.
=700  12$aCrespel, Jean,$dactive 16th century.$tDavid rex propheta Dei.
=700  12$aCrespel, Jean,$dactive 16th century.$tVox in rama audita est.
=700  12$aGallus, Joannes,$dactive 16th century.$tExaltare tui Domine.
=700  12$aGallus, Joannes,$dactive 16th century.$tMusica Dei donum optimi.
=700  12$aLouys, Jean,$dapproximately 1530-1563.$tEgo Dominus hoc est nomen meum.
=700  12$aLouys, Jean,$dapproximately 1530-1563.$tExpurgate vetus fermentum.
=700  12$aLouys, Jean,$dapproximately 1530-1563.$tMiserere mei Domine quoniam.
=700  12$aLouys, Jean,$dapproximately 1530-1563.$tMiserere nostri Deus omnium.
=700  12$aLouys, Jean,$dapproximately 1530-1563.$tNemo potest duobus Dominus servire.
=700  12$aLouys, Jean,$dapproximately 1530-1563.$tTota die contristatus sum.
=700  12$aLouys, Jean,$dapproximately 1530-1563.$tVox in rama audita est.
=700  12$aManchicourt, Pierre de,$dapproximately 1510-1564.$tQuousque Domine stabis.
=700  12$aRogier, Nicolas.$tMusica Dei donum optimi.
=700  12$aSusato, Tielman,$dactive 1529-1561.$tPeccata mea Domine.
=700  12$aVaet, Jacobus,$dapproximately 1529-1567.$tModulationes,$nliber 1.$pMiserere mei, Deus.
=710  2\$aTielman Susato (Firm),$eprinter.
=752  \\$aBelgium$dAntwerp.$2lcsh/naf
=856  41$uhttp://purl.org/rism/BI/1554/9$yDigitised score
=859  \\$aXLD$bDCW
=852  4\$cDRT$jDigital Store K.3.e.5.$aBritish Library$bMUSIC
=985  \\$aRecord amended for WR# 13/070
=985  \\$aname title to add
=985  \\$aCorrected by MS generated file for WR# 1805-0738
=CAT  \\$aBATCH-DCW$b00$c20171204$lBLL01$h0200
=CAT  \\$a1805-0738$c20190111$lBLL01$h1807
=CAT  \\$a1805-0738$b00$c20190111$lBLL01$h1828
=FIN  \\$aY$d20171204
=LKR  \\$aPAR$lBLL01$r776$b004538650$mLiber nonus ecclesiasticarum cantionum quinque vocum : vulgo moteta vocant : tam ex Veteri quam ex Novo Testamento /$nLiber nonus ecclesiasticarum cantionum quinque vocum : vulgo moteta vocant : tam ex Veteri quam ex Novo Testamento /
=DGM  \\$a004538650$bCatBridge variable field
=DRT  \\$aDCW
=SRC  \\$aDCW$bDCW_20171203
=OHC  \\$a1
=LAS  \\$a1805-0738$b00$c20190111$lBLL01$h1828

