=LDR  06282 cm a2200901 a 4500
=001  018631155
=003  Uk
=005  20171204020018.0
=007  cr\mn\024mpada
=008  930323s1549\\\\it\moz\\s\\\\\\\\\\\lat\\
=FMT  \\$a  MU
=019  d\$afa20780039
=040  \\$aUk$beng$cUk
=042  \\$aukblsr
=082  14$a780$215
=130  0\$aMotets,$mvoices (3),$nlibro 2o (Scotto (Firm))
=245  10$aLibro secondo de li motetti a tre voce /$cda diversi eccellentissimi musici composti, & non piu stampati ; novamente missi in luce & con somma diligentia coretti.
=264  \1$aVenetiis :$bApud Hieronymum Scottum,$cMDXLIX [1549]
=300  \\$a3 part books ;$c15 x 22 cm (oblong 4º)
=336  \\$anotated music$2rdacontent
=337  \\$acomputer$2rdamedia
=338  \\$aonline$2rdacarrier
=340  \\$m4to$2rdabf
=500  \\$aCollection of three-part motets by various composers.
=500  \\$aCopy at K.3.d.8. Cantus (16 leaves), Tenor (16 leaves), Bassus (16 leaves); original pagination: Cantus: [i], 1-30, [31] p. Tenor: [i], 1-30, [31] p. Bassus: [i], 1-30, [31] p.; paper dimensions: 143 x 205 mm.$5Uk
=500  \\$aCopy at K.3.d.8. Digitised score at http://purl.org/rism/BI/1549/14.$5Uk
=500  \\$aTranscribed title page from cantus part book: LIBRO SECONDO / DE LI MOTETTI A / TRE VOCE, / DA / DIVERSI ECCELLENTISSIMI / Musici composti, & non / piu stampati: / NOVAMENTE MISSI IN LVCE, / & con somma diligentia / coretti. / CANTVS VENETIIS, APVD / Hieronymum Scottum. / M D XLIX.
=500  \\$aWith table of contents.
=505  0\$aAve sanctissima Maria / Claudin -- Ecce Maria genuit nobis / Certon -- Ego autem constitutus sum Rex / Claudin -- Sancta Maria sucurre miseris / Certon -- Beatus uir qui non abijt (secunda pars: Non sic impijj non sic) / Hieronymus Scottus -- Viderunt omnes termini terre / Claudin -- Ecce Dominus ue niet / Certon -- Spes mea ab uberibus / Claudin -- Euntes ibant & flebant (secunda pars: Tunc repletum est) / Claudin -- Deduc me Domine in via / Iacotin -- Sancta Maria mater Dei / Gosse -- Ave Maria gratia Dei plena / Claudin -- Ave Maria gratia plena / Certon -- Universe vie tue misericordia / Claudin -- Memor fui nocte nominis tui / Phinot -- At illi dixerunt ei / Morales -- In die tribulationis mee / Damianus -- Patrem immense maiestatis / M. Iehan -- Domine Deus Agnus Dei / Morales -- Iam Pascha nostrum Christus / Adriano -- Tu septiformis munere / Adriano -- Crucifixus etiam pro nobis / [Anon] -- Domine Deus Agnus Dei / [Anon] -- Sicut sydus radium / Adriano -- Crucifixus etiam pro nobis [Anon] -- E qualis eterno Patri / Adriano -- Benedictum sit nomen domini / Claudin -- Quorum precepto subditur / Adriano -- Ceduntur gladijs more bidentium / Adriano.
=510  4\$aJane A Bernstein, Music printing in Renaissance Venice: The Scotto Press (1539-1572) (New York: Oxford University Press, 1998),$cno. 92
=510  4\$aRISM B/I,$c1549 ¹⁴
=546  \\$aLatin words.
=650  \0$aMotets.
=700  1\$aScotto, Girolamo,$eprinter.
=700  12$aCerton, Pierre,$d-1572.$tRecens modulorum editio.$nLiber 2.$pAve Maria.
=700  12$aCerton, Pierre,$d-1572.$tRecens modulorum editio.$nLiber 2.$pEcce Dominus.
=700  12$aCerton, Pierre,$d-1572.$tRecens modulorum editio.$nLiber 2.$pEcce Maria genuit.
=700  12$aCerton, Pierre,$d-1572.$tRecens modulorum editio.$nLiber 2.$pSancta Maria.
=700  12$aCourtois, Jean,$dactive 1530-1545.$tDeduc me Domine in via tua.
=700  12$aGero, Ihan,$dactive 1540-1555.$tPatrem immensae majestatis.
=700  12$aGosse,$cMaistre,$dactive 1520-1565.$tSancta Maria, mater Dei.
=700  12$aHavericq, Damien,$dactive 1538-1556.$tIn die tribulationis.
=700  12$aMorales, Cristóbal de,$dapproximately 1500-1553.$tCum natus esset Jesus.$pAt ille dixerunt.
=700  12$aMorales, Cristóbal de,$dapproximately 1500-1553.$tDomine Deus, Agnus Dei.
=700  12$aPhinot, Dominique,$dapproximately 1510-approximately 1555.$tMemor fui nocte nominis tui.
=700  12$aScotto, Girolamo.$tBeatus vir.
=700  12$aSermisy, Claudin de,$dapproximately 1490-1562.$tAve Maria gratia Dei.
=700  12$aSermisy, Claudin de,$dapproximately 1490-1562.$tAve sanctissima Maria mater.
=700  12$aSermisy, Claudin de,$dapproximately 1490-1562.$tBenedictum sit nomen Domini.
=700  12$aSermisy, Claudin de,$dapproximately 1490-1562.$tEgo autem constitutus.
=700  12$aSermisy, Claudin de,$dapproximately 1490-1562.$tEuntes ibant.
=700  12$aSermisy, Claudin de,$dapproximately 1490-1562.$tSpes mea ab uberibus.
=700  12$aSermisy, Claudin de,$dapproximately 1490-1562.$tUniversae viae tuae.
=700  12$aSermisy, Claudin de,$dapproximately 1490-1562.$tViderunt omnes.
=700  12$aWillaert, Adrian,$d1490?-1562.$tCeduntur gladiis more bidentium.
=700  12$aWillaert, Adrian,$d1490?-1562.$tEqualis eterno Patri.
=700  12$aWillaert, Adrian,$d1490?-1562.$tIam Pascha nostrum Christus.
=700  12$aWillaert, Adrian,$d1490?-1562.$tQuorum precepto subditur.
=700  12$aWillaert, Adrian,$d1490?-1562.$tSicut sidus radium.
=700  12$aWillaert, Adrian,$d1490?-1562.$tTu septiformis munere.
=710  2\$aScotto (Firm),$eprinter.
=752  \\$aItaly$dVenice.$2lcsh/naf
=856  41$uhttp://purl.org/rism/BI/1549/14$yDigitised score
=859  \\$aXLD$bDCW
=852  4\$cDRT$jDigital Store K.3.d.8.$aBritish Library$bMUSIC
=985  \\$aDeduc me Domine in via tua is probably by Jean Courtois, not Jacotin; Claudin is Sermisy, not Le Jeune; Patrem immensae majestatis is probably by Ihan Gero, not Maistre Jhan; pieces here attributed to Willaert are not in Grove, perhaps Adriano is someone else? (AP)
=985  \\$aRecord amended for WR# 13/070
=985  \\$aCorrected by MS generated file for WR# 1805-0738
=CAT  \\$aBATCH-DCW$b00$c20171204$lBLL01$h0200
=CAT  \\$a1805-0738$c20190111$lBLL01$h1807
=CAT  \\$a1805-0738$b00$c20190111$lBLL01$h1828
=FIN  \\$aY$d20171204
=LKR  \\$aPAR$lBLL01$r776$b004538655$mLibro secondo de li motetti a tre voce /$nLibro secondo de li motetti a tre voce /
=DGM  \\$a004538655$bCatBridge variable field
=DRT  \\$aDCW
=SRC  \\$aDCW$bDCW_20171203
=OHC  \\$a1
=LAS  \\$a1805-0738$b00$c20190111$lBLL01$h1828

