=LDR  04850 cm a22006977  4500
=001  018631156
=003  Uk
=005  20171204020018.0
=007  cr\mn\024mpada
=008  930323s1554\\\\be\||z\\s\\\\\\\\\\\lat\\
=FMT  \\$a  MU
=019  d\$afa20780042
=040  \\$aUk$beng$cUk
=041  \\$alat
=042  \\$aukblsr
=082  14$a780$215
=245  00$aLiber tertius cantionum sacrarum vulgo moteta vocant, quinque et sex vocum :$bex optimis quibusque musicis selectarum.
=264  \1$aLouanii :$bApud Petrum Phalesium,$c1554.
=300  \\$a5 part books (1 v) ;$c16 x 22 cm (oblong 4º)
=336  \\$anotated music$2rdacontent
=337  \\$acomputer$2rdamedia
=338  \\$aonline$2rdacarrier
=340  \\$m4to$2rdabf
=500  \\$aCollection of motets in 5 parts except for the last four motets, which are in 6 parts.
=500  \\$aCopy at K.3.e.10. Digitised score at http://purl.org/rism/BI/1554/3.$5Uk
=500  \\$aCopy at K.3.e.10. SVPERIVS (16 leaves); CONTRATENOR (16 leaves); TENOR (16 leaves); BASSVS (16 leaves); QVINTA ET SEXTA PARS (20 leaves); paper dimensions: 154 x 206 mm.$5Uk
=500  \\$aTable of contents in all part books except the Superius.
=500  \\$aTitle from Superius part book.
=500  \\$aTranscribed title page from Superius part book: LIBER TERTIUVS CAN / TIONVM SACRARVM VVLGO MO- / TETA VOCANT, QVINQVE ET SEX VOCUM EX / optimis quibusque Musicis selectarum / Superius / LOUVANII. / Apud Petrum Phalesium Anno M. D LIIII / Cum gratia & Priuilegio.
=500  \\$aWoodcut of Melpomene on the title page with text around the outside reading: Sicut in fabricatione auri / signum est smaragdi sic numeris Musicorum / in incu[n]do & moderato vino. Eccl.xxxij.
=505  0\$aIn te domine speraui / Clemens non papa -- Seruus tuus ego sum (secunda pars: Ego vero egenus) / Clemens non papa -- O Bone Iesu (secunda pars: Eya dulcissime Iesu) / Clemens non papa -- Si ignoras te (secunda pars: Surge propera amica me) / Christianus hollander -- In honore beatissime anne (secunda pars: Celeste beneficium introiuit in annam) / Clemens non papa -- Ascendit deus in iubilatione (Ascendens christus in altum) / Clemens non papa -- Mane surgens Iacob (secunda par: Erit mihi dominus in deum) / Chasteleyn -- Adesto dolori me (secunda pars: Interiora mea efferbuerunt) / Clemens non papa -- Congratulamini mihi omnes (secunda pars: Tulerunt dominum meum) / Crequillon -- Spiritus sanctus prcedens a throno (secunda pars: Aduenit ignis diuinus non comburens) / Tubal -- Vere dominus est in loco (secunda pars: Hec est domus domini) / Manchicourt -- Veniat dilectus meus (secunda pars: Qualis est dilestus tuus) / Manchicourt -- Leuaui oculos meos in montes (secunda pars: Anima nostra sicut passer) / Clemens non papa -- Dulcis mater dulci gnato (secunda pars: Inclina mater misericordie) / Manchicourt -- Verba mea auribus percipe domine (secunda pars: Introibo in domum tuam) / Vuaelrant.
=510  1\$aHarry B. Lincoln, The Latin Motet: Indexes to Printed Collections, 1500-1600 (Ottawa: Institute of Medieval Music, 1993).
=510  4\$aHenri Vanhulst, Catalogue des éditions de musique publiées à Louvain par Pierre Phalèse et ses fils 1545-1578 (Brussels: Palais des Académis, 1990),$cno. 20
=510  4\$aRISM B/I,$c1554 ³
=546  \\$aLatin words.
=650  \0$aMotets.
=700  1\$aChastelain, Charles,$ecomposer.
=700  1\$aClemens non Papa, Jacobus,$dapproximately 1510-approximately 1555,$ecomposer.
=700  1\$aCrecquillon, Thomas,$d-1557?,$ecomposer.
=700  1\$aHollander, Christian,$dapproximately 1510-1568 or 1569,$ecomposer.
=700  1\$aManchicourt, Pierre de,$dapproximately 1510-1564,$ecomposer.
=700  1\$aPhalèse, Pierre,$dapproximately 1510-$eprinter.
=700  1\$aTubal, Adrian,$ecomposer.
=700  1\$aWaelrant, Hubert,$d1516 or 1517-1595,$ecomposer.
=752  \\$aBelgium$dLouvain.$2lcsh/naf
=856  41$uhttp://purl.org/rism/BI/1554/3$yDigitised score
=859  \\$aXLD$bDCW
=852  4\$cDRT$jDigital Store K.3.e.10$aBritish Library$bMUSIC
=985  \\$aRecord amended for WR# 13/070
=985  \\$aname title to add
=985  \\$aCorrected by MS generated file for WR# 1805-0738
=CAT  \\$aBATCH-DCW$b00$c20171204$lBLL01$h0200
=CAT  \\$a1805-0738$c20190111$lBLL01$h1807
=CAT  \\$a1805-0738$b00$c20190111$lBLL01$h1828
=FIN  \\$aY$d20171204
=LKR  \\$aPAR$lBLL01$r776$b004538658$mLiber tertius cantionum sacrarum vulgo moteta vocant, quinque et sex vocum : ex optimis quibusque musicis selectarum.$nLiber tertius cantionum sacrarum vulgo moteta vocant, quinque et sex vocum : ex optimis quibusque musicis selectarum.
=DGM  \\$a004538658$bCatBridge variable field
=DRT  \\$aDCW
=SRC  \\$aDCW$bDCW_20171203
=OHC  \\$a1
=LAS  \\$a1805-0738$b00$c20190111$lBLL01$h1828

