=LDR  06118 cm a22007457  4500
=001  018631157
=003  Uk
=005  20171204020018.0
=007  cr\mn\024mpada
=008  930323s1555\\\\be\||z\\s\\\\\\\\\\\lat\\
=FMT  \\$a  MU
=019  d\$afa20780043
=040  \\$aUk$beng$cUk
=041  \\$alat
=042  \\$aukblsr
=082  14$a780$215
=245  00$aLiber primus Cantionum Sacrarum, (vulgo Moteta vocant) quinque vocum$bex optimis quibusq[ue] Musicis selectarum.
=264  \1$aLouanii :$bApud Petrum Phalesium,$c1555.
=300  \\$a5 part books (1 v) ;$c16 x 22 cm (oblong 4º)
=336  \\$anotated music$2rdacontent
=337  \\$acomputer$2rdamedia
=338  \\$aonline$2rdacarrier
=340  \\$m4to$2rdabf
=500  \\$aCollection of motets in five parts.
=500  \\$aCopy at K.3.e.8. Digitised score at http://purl.org/rism/BI/1555/2.$5Uk
=500  \\$aCopy at K.3.e.8. SVPERIVS (16 leaves); CONTRATENOR (16 leaves); TENOR (16 leaves); BASSVS (16 leaves); QVINTA PARS (16 leaves). Original foliation: Superius: [1] II-V, VIII, VII, VI, IX-XVI; Contratenor: [1] II-V, V-VI, VIII-XVI; Tenor, Bassus: [1] II-XVI; Quinta pars: [1] II-VI, VI, VIII-XVI. Paper dimensions: 153 x 208 mm.$5Uk
=500  \\$aCover has a woodcut of Melpomene surrounded by the text: Comme L'escarboncle estant / en Or enclin Ainsi Musicque / est en conuiue de Vin Eccle. xxxij.
=500  \\$aIn the table of contents 'Discite à me' is omitted.
=500  \\$aNew edition of RISM-B/I 1554/1. SVPERIVS (16 leaves); CONTRATENOR (16 leaves); TENOR (16 leaves); BASSVS (16 leaves); QVINTA PARS (16 leaves); original foliation: Superius: [1] II-V, VIII, VII, VI, IX-XVI Contratenor: [1] II-V, V-VI, VIII-XVI Tenor, Bassus: [1] II-XVI Quinta pars: [1] II-VI, VI, VIII-XVI; paper dimensions: 153 x 208 mm.
=500  \\$aTranscribed title page from superius part book: LIBER PRIMVS CAN- / TIONVM SACRARVM, (VVLGO MOTETA VOCANT) / Quinque vocum ex optimis quibus[que] Musicis selectarum. / SVPERIVS. / LOVANII / Apud petrum Phalesium Anno M. D. LV / Cum gratia & Priuilegio. C. M.
=500  \\$aWith index at the front of all part books except the superius.
=500  \\$a'Dum transisset sabatum' is elsewhere attribtued to Christian Hollander. As the composer Sebastian Hollander is otherwise unknown, the ascription may be an error (Wagner, 'Hollander, Christian' in Grove Music Online).
=500  \\$a'Iherusalem surge' is attributed to Cricquillon in the quinta pars, but the table of contents and all other part books give the composer as Clemens non Papa.
=505  0\$aAngelus domini ad pastores ait (secunda pars: Paruulus filius hodie natus est) / Clemens non Papa -- Pastores quidnam vidistis (secunda pars: Natum vidimus & choros angelorum) / Clemens non Papa -- Aduenit ignis diuinus (secunda pars: Misit eos in mundu[m] vniuersum) / Clemens non Papa -- Dum aurora finem daret / Cricquillon -- Discite à me quia mitis sum (secunda pars: Quia qui se exultat humiliabitur) / Clemens non Papa -- Carole, magnus erat quis nescit carolus ille / Cricquillon -- Quis te victoreum dicat (secunda pars: Non te hostis vincit) / Cricquillon -- Dum tra[n]sisset sabatu[m] maria magdalena (secunda pars: Et valde mane vna sabatorum) / Sebast. Hollander -- Venit vox de celo (secunda pars: Respondit miles, qui es tu domine) / Clemens non Papa -- Mane nobiscum domine (secunda pars: Et intrauit cum eis) / Clemens non Papa -- Nigra sum sed formosa (secunda pars: Posuerunt me custodem in vineis) / Cricquillon -- O Maria vernans rosa (secunda pars: Tu lux pulchra tu medela / Clemens non Papa -- Audi filia & vide (secunda pars: Pro patribus tuis nati sunt tibi filij) / Manchicourt -- Iherusalem surge & sta in excelso (secunda pars: leua in circuitu oculos tuos) / Cricquillon -- Georgi martir inclite / Petit Ian -- Qui consolabatur me, recessit à me / Clemens non Papa.
=510  1\$aHarry B. Lincoln, The Latin Motet: Indexes to Printed Collections, 1500-1600 (Ottawa: Institute of Medieval Music, 1993).
=510  4\$aHenri Vanhulst, Catalogue des éditions de musique publiées à Louvain par Pierre Phalèse et ses fils 1545-1578 (Brussels: Palais des Académis, 1990),$cno. 26.
=510  4\$aJohn Milsom, 'The Nonsuch Music Library', in Chris Banks, Arthur Searle and Malcolm Turner (eds.), Sundry Sorts of Music Books: Essays on The British Library Collections, Presented to O. W. Neighbour on his 70th Birthday (London, 1993), 146-82,$cno. 27.
=510  4\$aRISM B/I,$c1555 ²
=546  \\$aLatin words.
=650  \0$aMotets.
=700  1\$aArundel, Henry Fitz Alan,$cEarl of,$d1512-1580,$eformer owner.$5Uk.
=700  1\$aClemens non Papa, Jacobus,$dapproximately 1510-approximately 1555,$ecomposer.
=700  1\$aCrecquillon, Thomas,$d-1557?,$ecomposer.
=700  1\$aDe Latre, Petit Jean,$dapproximately 1510-1569,$ecomposer.
=700  1\$aHollander, Sebastian,$ecomposer.
=700  1\$aLumley, John Lumley,$cBaron,$d1534?-1609,$eformer owner.$5Uk.
=700  1\$aManchicourt, Pierre de,$dapproximately 1510-1564,$ecomposer.
=700  1\$aPhalèse, Pierre,$dapproximately 1510-$eprinter.
=752  \\$aBelgium$dLouvain.$2lcsh/naf
=856  41$uhttp://purl.org/rism/BI/1555/2$yDigitised score
=859  \\$aXLD$bDCW
=852  4\$cDRT$jDigital Store K.3.e.8$aBritish Library$bMUSIC
=985  \\$aRecord amended for WR# 13/070
=985  \\$aname title to add
=985  \\$aCorrected by MS generated file for WR# 1805-0738
=CAT  \\$aBATCH-DCW$b00$c20171204$lBLL01$h0200
=CAT  \\$a1805-0738$c20190111$lBLL01$h1807
=CAT  \\$a1805-0738$b00$c20190111$lBLL01$h1828
=FIN  \\$aY$d20171204
=LKR  \\$aPAR$lBLL01$r776$b004538659$mLiber primus Cantionum Sacrarum, (vulgo Moteta vocant) quinque vocum ex optimis quibusq[ue] Musicis selectarum.$nLiber primus Cantionum Sacrarum, (vulgo Moteta vocant) quinque vocum ex optimis quibusq[ue] Musicis selectarum.
=DGM  \\$a004538659$bCatBridge variable field
=DRT  \\$aDCW
=SRC  \\$aDCW$bDCW_20171203
=OHC  \\$a1
=LAS  \\$a1805-0738$b00$c20190111$lBLL01$h1828

