=LDR  05098 cm a22007097  4500
=001  018631158
=003  Uk
=005  20171204020018.0
=007  cr\mn\024mpada
=008  930323s1555\\\\be\||z\\s\\\\\\\\\\\lat\\
=FMT  \\$a  MU
=019  d\$afa20780044
=040  \\$aUk$beng$cUk
=041  \\$alat
=042  \\$aukblsr
=082  14$a780$215
=245  00$aLiber secundus Cantionum Sacrarum, (vulgo Moteta vocant) quinque & sex vocum :$bex optimis quibusq [i.e. quibusque] musicis selectarum.
=264  \1$aLouanii :$bApud Petrum Phalesium,$c1555.
=300  \\$a5 part books (1 v) ;$c16 x 22 cm (oblong 4º)
=336  \\$anotated music$2rdacontent
=337  \\$acomputer$2rdamedia
=338  \\$aonline$2rdacarrier
=340  \\$m4to$2rdabf
=500  \\$aCollection of motets 5 parts apart from the last four motets, which are in 6 parts.
=500  \\$aCopy at K.3.e.9. Digitised score at http://purl.org/rism/BI/1555/3.$5Uk
=500  \\$aCopy at K.3.e.9. SVPERIVS (16 leaves); CONTRATENOR (16 leaves); TENOR (16 leaves); BASSVS (16 leaves); QVINTA ET SEXTA PARS (20 leaves); original foliation: Superius: [1] II-XI, XI, XIII-XVI Contratenor: [1] II-IIII [5] VI-XVI Tenor, Bassus: [1] II- XVI Quinta et sexta pars: [1] II-XX; paper dimensions: 154 x 205 mm.$5Uk
=500  \\$aPrevious edition in 1554 (RISM 1554/2) with the same title and contents.
=500  \\$aTable of contents in all except the Superius part book.
=500  \\$aThe quinta or sexta pars has an ostinato part for: 'O lux & decus', 'Te deum laudamus', 'Sustinuimus pacem' and 'Fremuit spiritus Ihesu'.
=500  \\$aTitle from Superius part book.
=500  \\$aTranscribed title page from superius part book: LIBER SECVNDVS / CANTIONVM SACRARVM, (VVLGO MOTETA / vocant) Quinque & sex vocum ex optimis quibusq[ue] / Musicis selectarum. / Superius. / LOVANII / Apud Petrum Phalesium Anno M. D. LV. / Cum gratia & Pruiliegio. C.M.
=500  \\$aWoodcut of Melpomene on the title page with text around the outside reading: Sicut in fabricatione auri / signum est smaragdi sic numeros musicorum / in iucundo & moderato vino. Eccl.xxxij.
=505  0\$aPater noster qui es in celis / Gombert -- O lux & decus hispani[ae] (secunda pars: O singulare presidium) / Iac.bultel -- Michael archangele paradisi preposite / Iac.bultel -- Beati omnes qui timent dominum (secunda pars: Ecce sic benedicetur homo) / Gombert -- Vias tuas domine (secunda pars: Trahe nos ad portum maris) / Gombert -- Super ripam iordanis (secunda pars: Vox de celo sonuit) / Clemenns non papa -- Ego flos campi (secunda pars: Leua eius sub capite meo) / Gombert -- Emendemus in melius (secunda pars: Peccauimus cum patribus nostris) / Arn.feys -- Te deum laudamus te Ihesum (secunda pars: Exultet tibi omnis caro) / Cricquillon -- Venite & videte opera domini (Videntes sic admirati sunt) / Cricquillon -- Dum aurora finem daret / Iac.bultel -- Oculi omnium in te sperant (secunda pars: Qui edunt me adhuc esurient) / Gombert -- Homo quida[m] fecit (secunda pars: Venite & comedite) / Iac.bultel -- Sustinuimus pacem & non venit (secunda pars: Nos alium deum nescimus) / Manchicourt -- Fremuit spiritus Ihesu (secunda pars: Videns dominus flentes) / Clemens non papa.
=510  4\$aHarry B. Lincoln, The Latin Motet: Indexes to Printed Collections, 1500-1600 (Ottawa: Institute of Medieval Music, 1993).
=510  4\$aHenri Vanhulst, Catalogue des éditions de musique publiées à Louvain par Pierre Phalèse et ses fils 1545-1578 (Brussels: Palais des Académis, 1990),$cno. 27.
=510  4\$aRISM B/I,$c1555 ³
=546  \\$aLatin words.
=650  \0$aMotets.
=700  1\$aBultel, Jacobus,$ecomposer.
=700  1\$aClemens non Papa, Jacobus,$dapproximately 1510-approximately 1555,$ecomposer.
=700  1\$aCrecquillon, Thomas,$d-1557?,$ecomposer.
=700  1\$aFeys, Arnold,$ecomposer.
=700  1\$aGombert, Nicolas,$dactive 16th century,$ecomposer.
=700  1\$aManchicourt, Pierre de,$dapproximately 1510-1564,$ecomposer.
=700  1\$aPhalèse, Pierre,$dapproximately 1510-$eprinter.
=752  \\$aBelgium$dLouvain.$2lcsh/naf
=856  41$uhttp://purl.org/rism/BI/1555/3$yDigitised score
=859  \\$aXLD$bDCW
=852  4\$cDRT$jDigital Store K.3.e.9$aBritish Library$bMUSIC
=985  \\$aRecord amended for WR# 13/070
=985  \\$aname title to add
=985  \\$aCorrected by MS generated file for WR# 1805-0738
=CAT  \\$aBATCH-DCW$b00$c20171204$lBLL01$h0200
=CAT  \\$a1805-0738$c20190111$lBLL01$h1807
=CAT  \\$a1805-0738$b00$c20190111$lBLL01$h1828
=FIN  \\$aY$d20171204
=LKR  \\$aPAR$lBLL01$r776$b004538660$mLiber secundus Cantionum Sacrarum, (vulgo Moteta vocant) quinque & sex vocum : ex optimis quibusq [i.e. quibusque] musicis selectarum.$nLiber secundus Cantionum Sacrarum, (vulgo Moteta vocant) quinque & sex vocum : ex optimis quibusq [i.e. quibusque] musicis selectarum.
=DGM  \\$a004538660$bCatBridge variable field
=DRT  \\$aDCW
=SRC  \\$aDCW$bDCW_20171203
=OHC  \\$a1
=LAS  \\$a1805-0738$b00$c20190111$lBLL01$h1828

