=LDR  06485 cm a2200817 a 4500
=001  018631159
=003  Uk
=005  20171204020018.0
=007  cr\mn\024mpada
=008  930323s1557\\\\be\moz\\s\\\\\\\\\\\lat\\
=FMT  \\$a  MU
=019  d\$afa20780045
=040  \\$aUk$beng$cUk
=042  \\$aukblsr
=082  14$a780$215
=130  0\$aCantionum sacrarum.$nLiber 4.
=245  10$aLiber quartus cantionum sacrarum :$b(vulgo moteta vocant) : quinque et sex vocum ex optimis quibusque musicis selectarum.
=264  \1$aLovanii :$bExcudebat Petrus Phalesius,$cAnno MDLVII [1557]
=300  \\$a5 part books ;$c16 x 22 cm (oblong 4º)
=336  \\$anotated music$2rdacontent
=337  \\$acomputer$2rdamedia
=338  \\$aonline$2rdacarrier
=340  \\$m4to$2rdabf
=500  \\$aCollection of motets; all for 5 voices except for the last five, for 6 voices, and 'Quo abijy dilectus tuus', for 4 voices.
=500  \\$aCopy at K.3.e.11. Digitised score at http://purl.org/rism/BI/1557/5.$5Uk
=500  \\$aCopy at K.3.e.11. Superius (16 leaves), Contratenor (16 leaves), Tenor (16 leaves), Bassus (16 leaves), Quinta et Sexta Pars (20 leaves); paper dimensions: 154 x 210 mm.$5Uk
=500  \\$aCover has woodcut of Melpomene surrounded by text: 'Sicut in fabricatione / signum est smaragdi sic numerus Musicorum / in iucu[n]do & moderato vino. Eccle. xxxij'.
=500  \\$aNew edition of RISM B/I: 1553/11 and 1554/4.
=500  \\$aThe superius part book heads the secunda pars of 'Deus virtutum convertere' as by 'Clemens non Papa'. Both the superius and contratenor part books erroneously indicate that 'Vigilate & orate' is the secunda pars of 'O Domine multi dicunt'. The bassus part book has several motets misnumbered.
=500  \\$aTranscribed title page from superius part book: LIBER QVARTVS CAN- / TIONVM SACRARVM, (VVLGO MOTETA / VOCANT) QVINQVE ET SEX VOCVM EX / OPTIMIS QVIBVSQVE MVSICIS / SELECTARVM. / SVPERIVS. / LOVANII. / Excudebat Petrus Phalesius Anno M. D. LVII. / Cum gratia & Priuilegio Regis.
=500  \\$aWith table of contents.
=505  0\$aEgo me diligentes diligo / Clemens non papa -- Concussum est mare & contremuit terra (secunda pars: Factum est silentium in celo) / Clemens non papa -- Tu es Petrus & super hanc petrum (secunda pars: Quodcun[que] ligaveris super terram erit ligatum) (Quinta pars sings: Tu est Petrus) / Simon moreau -- Deus virtutum convertere (Et persice eam qua[m] plantauit) / Crequillon -- Misit me vivens pater (secunda pars: Cibauit me Dominus) / Clemens non papa -- Expurgate vetus fermentum (secunda pars: Itaque epulemur non in fermento) / Crecquillon -- O quam moesta dies (secunda pars: Hec lugenda dies cecidit) / Clemens non papa -- Surge aquilo & veni auster (secunda pars: Soror mea veni in ortum meum) / Benedictus -- Dixerunt discipuli ad beatum martinum (secunda pars: Doomine si adhuc populo tuo) / Clemens non papa -- Quo abijt dilectus tuus (secunda pars: Qualis est dilectus tuus) / Manchicourt -- Plaude superna syon iubilet populusque (secunda pars: Ecce tabernaculum dei cum hominibus) / Clemens non papa -- Ave martyr gloriosa barbaraque generosa (secunda pars: Ave barbara serena) / Clemens non papa -- O Domine multi dicu[n]t anime me[ae] / Clemens non papa -- Vigilate & orate in hac nocte / Eustachius Barbion -- Clemens & benigna iugi laude digna (secunda pars: Nos à miseria perduc ad gaudia) / Clemens non papa -- Que est ista que processit sicut sol (secunda pars: Sicut dies verni circundabant eam flores) / N. Vuismes.
=510  3\$aHarry B. Lincoln, The Latin motet: indexes to printed collections, 1500-1600 (Ottawa: Institute of Medieval Music, 1993).
=510  4\$aHenri Vanhulst, Catalogue des éditions de musique publiées à Louvain par Pierre Phalèse et ses fils 1545-1578 (Brussels: Palais des Académis, 1990),$cNo. 45
=510  4\$aRISM B/I,$c1557 ⁵
=546  \\$aLatin words.
=650  \0$aMotets.
=700  1\$aPhalèse, Pierre,$dapproximately 1510-$eprinter.
=700  12$aAppenzeller, Benedictus,$dactive 16th century.$tSurge aquilo et veni.
=700  12$aBarbion, Eustachius,$d-1556.$tVigilate et orate.
=700  12$aClemens non Papa, Jacobus,$dapproximately 1510-approximately 1555.$tAve martyr gloriosa.
=700  12$aClemens non Papa, Jacobus,$dapproximately 1510-approximately 1555.$tClemens et benigna.
=700  12$aClemens non Papa, Jacobus,$dapproximately 1510-approximately 1555.$tConcussum est mare.
=700  12$aClemens non Papa, Jacobus,$dapproximately 1510-approximately 1555.$tDixerunt discipuli,$mvoices (5)
=700  12$aClemens non Papa, Jacobus,$dapproximately 1510-approximately 1555.$tEgo me diligentes.
=700  12$aClemens non Papa, Jacobus,$dapproximately 1510-approximately 1555.$tMisit me vivens Pater.
=700  12$aClemens non Papa, Jacobus,$dapproximately 1510-approximately 1555.$tO Domine multi dicunt.
=700  12$aClemens non Papa, Jacobus,$dapproximately 1510-approximately 1555.$tO quam moesta dies.
=700  12$aClemens non Papa, Jacobus,$dapproximately 1510-approximately 1555.$tPlaude, superna Sion.
=700  12$aCrecquillon, Thomas,$d-1557?.$tDeus virtutum convertere.
=700  12$aCrecquillon, Thomas,$d-1557?.$tExpurgate vetus fermentum,$nno. 1.
=700  12$aManchicourt, Pierre de,$dapproximately 1510-1564.$tQuo abiit dilectus.
=700  12$aMoreau, Symon,$dactive 1553-1558.$tTu es Petrus.
=700  12$aWisme, Nicholas de,$dactive 1554-64.$tQue est ista que processit.
=710  2\$aPierre Phalèse (Firm),$eprinter.
=752  \\$aBelgium$dLouvain.
=856  41$uhttp://purl.org/rism/BI/1557/5$yDigitised score
=859  \\$aXLD$bDCW
=852  4\$cDRT$jDigital Store K.3.e.11.$aBritish Library$bMUSIC
=985  \\$aRecord amended for WR# 13/070
=985  \\$aCorrected by MS generated file for WR# 1805-0738
=CAT  \\$aBATCH-DCW$b00$c20171204$lBLL01$h0200
=CAT  \\$a1805-0738$c20190111$lBLL01$h1807
=CAT  \\$a1805-0738$b00$c20190111$lBLL01$h1828
=FIN  \\$aY$d20171204
=LKR  \\$aPAR$lBLL01$r776$b004538661$mLiber quartus cantionum sacrarum : (vulgo moteta vocant) : quinque et sex vocum ex optimis quibusque musicis selectarum.$nLiber quartus cantionum sacrarum : (vulgo moteta vocant) : quinque et sex vocum ex optimis quibusque musicis selectarum.
=DGM  \\$a004538661$bCatBridge variable field
=DRT  \\$aDCW
=SRC  \\$aDCW$bDCW_20171203
=OHC  \\$a1
=LAS  \\$a1805-0738$b00$c20190111$lBLL01$h1828

