=LDR  04811 cm a22006137  4500
=001  018631160
=003  Uk
=005  20171204020018.0
=007  cr\mn\024mpada
=008  930323s1558\\\\be\||z\\s\\\\\\\\\\\lat\\
=FMT  \\$a  MU
=019  d\$afa20780046
=040  \\$aUk$beng$cUk
=041  \\$alat
=042  \\$aukblsr
=082  14$a780$215
=100  1\$aManchicourt, Pierre de,$dapproximately 1510-1564.
=245  10$aLiber quintus cantionum sacrarum vulgo moteta vocant, quinque et sex vocum /$ca d. Magistro Petro Manchicurtio Betunio insignis ecclesie Thornacensis phonasco nunc primum in lucem editus.
=264  \1$aLouanii :$bApud Petrum Phalesium,$c1558.
=300  \\$a5 part books (1 v) ;$c17 x 22 cm (oblong 4º)
=336  \\$anotated music$2rdacontent
=337  \\$acomputer$2rdamedia
=338  \\$aonline$2rdacarrier
=340  \\$m4to$2rdabf
=500  \\$a15 motets, the first nine for five voices and the last five for six voices.
=500  \\$aCopy at K.3.e.12. Digitised score at http://purl.org/rism/AI/M273.$5Uk
=500  \\$aCopy at K.3.e.12. SVPERIUS (16 leaves); CONTRATENOR (16 leaves); TENOR (16 leaves); BASSVS (16 leaves); QVINTA ET SEXTA PARS (21 leaves); original foliation: Superius, Contratenor, Tenor: [1] II- XVI Bassus: [1] II- VII, IIII, IX- XVI Quinta et sexta pars: [1] IIII, III, II, V-XII, [13] XIIII [15] XVI, XVIII, XVIII-XXI; paper dimensions: 154 x 210 mm.$5Uk
=500  \\$aCover has a woodcut of Melpomene surrounded by the text: Sicut in fabricatione / signum est smaragdi sic numerus Musicorum / in iucu[n]do & moderato vino. Eccle. xxxij.
=500  \\$aNew edition of RISM A/I, M 272.
=500  \\$aTranscribed title page from superius part book: LIBER QVINTUS CAN- / TIONVM SACRARVM VVLGO / Moteta vocant, Qvinqve et Sex Vocvm A D. / Magistro Petro Manchicurtio Betunio insignis ecclesie Thornacensis Pho- / nasco nunc primum in lucem editus. / SVPERIVS. / LOVANII. / Apud Petrum Phalesium Anno M. D LVIII. / Cum gratia & Priuilegio.
=500  \\$aWith table of contents (except for the superius part book).
=505  0\$aO decus o patrie lux (secunda pars: Salue pontificum iubar) / Petro Manchicurtio -- In omnibus requiem quesiui (secunda pars: Et radicaui in populo honorificato) / Petro Manchicurtio -- Exaudiat te dominus in die tribulationis (secunda pars: Impleat dominus omnes petitiones tuas) / Petro Manchicurtio -- Si bona suscepimus de manu domini (secunda pars: Tribularer si nescirem misericordia) / Petro Manchicurtio -- O crux splendidior cunctis astris (secunda pars: Nobile lignum exaltatur) / Petro Manchicurtio -- Congratulamini mihi omnes (secunda pars: Et beatam me dicent) / Petro Manchicurtio -- Puer qui natus est (secunda pars: Hic precursor dilectus) / Petro Manchicurtio -- O crux viride lignum (secunda pars: Salus omnium populorum) / Petro Manchicurtio -- Emendemus in melius que ignoranter (secunda pars: Peccauimus cum patribus nostris) / Petro Manchicurtio -- Audiui vocem de celo (secunda pars: Et vox de throno exiuit dicens) (Quinta pars sings: Omnes sancti intercedite pro nobis) / Petro Manchicurtio -- Tota pulchra es amica mea (secunda pars: Flores apparuerunt vine florentes) / Petro Manchicurtio -- Osculetur me osculo oris sui (Secunda pars: Trahe me post te curremus in odorem) (Tenor sings: Tota pulchra es amica mea) / Petro Manchicurtio -- Que est ista que ascendit sicut sol (secunda pars: Ista est speciosa inter filias iherusalem) / Petro Manchicurtio -- Illuminare iherusalem quia venit lume[n] tuum (secunda pars: Fillij tui de longe venient) / Petro Manchicurtio.
=510  4\$aHenri Vanhulst, Catalogue des éditions de musique publiées à Louvain par Pierre Phalèse et ses fils 1545-1578 (Brussels: Palais des Académis, 1990),$cno. 51.
=510  4\$aRISM A/I,$cM 273
=546  \\$aLatin words.
=650  \0$aMotets.
=700  1\$aPhalèse, Pierre,$dapproximately 1510-$eprinter.
=752  \\$aBelgium$dLouvain.$2lcsh/naf
=856  41$uhttp://purl.org/rism/AI/M273$yDigitised score
=859  \\$aXLD$bDCW
=852  4\$cDRT$jDigital Store K.3.e.12.$aBritish Library$bMUSIC
=985  \\$aRecord amended for WR# 13/070
=985  \\$aname title to add
=985  \\$aCorrected by MS generated file for WR# 1805-0738
=CAT  \\$aBATCH-DCW$b00$c20171204$lBLL01$h0200
=CAT  \\$a1805-0738$c20190111$lBLL01$h1807
=CAT  \\$a1805-0738$b00$c20190111$lBLL01$h1828
=FIN  \\$aY$d20171204
=LKR  \\$aPAR$lBLL01$r776$b004538662$mLiber quintus cantionum sacrarum vulgo moteta vocant, quinque et sex vocum /$nLiber quintus cantionum sacrarum vulgo moteta vocant, quinque et sex vocum /
=DGM  \\$a004538662$bCatBridge variable field
=DRT  \\$aDCW
=SRC  \\$aDCW$bDCW_20171203
=OHC  \\$a1
=LAS  \\$a1805-0738$b00$c20190111$lBLL01$h1828

