=LDR  05340 cm a22007217  4500
=001  018631161
=003  Uk
=005  20171204020018.0
=007  cr\mn\024mpada
=008  930323s1558\\\\be\||z\\s\\\\\\\\\\\lat\\
=FMT  \\$a  MU
=019  d\$afa20780047
=040  \\$aUk$beng$cUk
=041  \\$alat
=042  \\$aukblsr
=082  14$a780$215
=245  00$aLiber sextus cantionum sacrarum vulgo moteta vocant, quinque et sex vocum :$bex optimis quibusque musicis selectarum.
=264  \1$aLouanii :$bApud Petrum Phalesium,$c1558.
=300  \\$a5 part books (1 v) ;$c17 x 23 cm (oblong 4º)
=336  \\$anotated music$2rdacontent
=337  \\$acomputer$2rdamedia
=338  \\$aonline$2rdacarrier
=340  \\$m4to$2rdabf
=500  \\$aCollection of motets in five parts except for the last five motets, which are for six voices.
=500  \\$aCopy at K.3.e.13. Digitised score at http://purl.org/rism/BI/1558/5.$5Uk
=500  \\$aCopy at K.3.e.13. SVPERIVS (16 leaves); CONTRATENOR (16 leaves); TENOR (16 leaves); BASSVS (16 leaves); QVINTA ET SEXTA PARS (20 leaves); paper dimensions: 154 x 209 mm.$5Uk
=500  \\$aCover has a woodcut of Melpomene surrounded by the text: Sicut in fabricatione / signum est smaragdi sic numerus Musicorum / in iucu[n]do & moderato vino. Eccle. xxxij.
=500  \\$aNew edition of RISM B/I: 1554/5.
=500  \\$aThe superius partbook places the name 'Simon Moreau' above the score for 'Sint lumbi vestri'. This differs from the table of contents, the other partbooks and the earlier edition.
=500  \\$aThe tenor part book shows 'Quam pulchra est' as by Clemens non Papa, though this differs from the table of contents and the other part books.
=500  \\$aThe tenor part for 'Creator omnium Deus' is labelled 'Fuga in dyapethe remissum'.
=500  \\$aTranscribed title page from superius part book: LIBER SEXTVS CAN- / TIONVM SACRARVM VVLGO / MOTETA VOCANT, QVINQVE ET SEX VOCVM / ex optimis quibusque Musicis selectarum. / SVPERIVS. / LOVANII. / Apud Petrum Phalesium Bibliopolam Iurat. Anno M. D. LVIII. / Cum Gratia & Priuilegio.
=500  \\$aWith table of contents.
=505  0\$aDeus qui no patre[m] & matre[m] (Quinta pars sings: Pater meus & mater mea) / Clemens non papa -- Dum complerentur dies penthecostes (secunda pars: Repleti sunt omnes spiritu sancto) / Clemens non papa -- Sancta Maria virgo virginum (secunda pars: Vt celestis regni mereamur) / Crecquillon -- Aue virgo gloriosa cecilia generosa (secunda pars: Deprecare Iesum Christum) / Crecquillon -- Sicut lilium inter spinas sic anima mea (secunda pars: Gaudete filie iherusalem) / Crecquillon -- Ab oreinte venerunt magi (secunda pars: Videntes autem stellam) / Clemens non papa -- Beata est virgo Maria (secunda pars: Benedicta tu in mulieribus) / Petit Ian de Latre -- Domine Deus fortis & clemens / Clemens non papa -- Sint lumbi vestri precincti (secunda pars: Vigilate ergo quia nescitis) / Crecquillon -- Quam pulchra es amica mea / Crecquillon -- Decantabat populus in israel / Clemens non papa -- Expurgate vetus fermentum (secunda pars: Non in fermento malitie) / Simon Moreau -- Benedic domine domum istam (secunda pars: Audi preces domine quas fundit populus) / N. Vuismes -- Sancta Maria succurre miseris iuua pusillanimes (secunda pars: Beata dei genetrix Maria) / [Anon] -- Iubilate deo omnis terra (secunda pars: populus eius & oues pascue eius) / Clemens non papa -- Creator omnium Deus terribilis & fortis / A. Vuillart.
=510  1\$aHarry B. Lincoln, The Latin Motet: Indexes to Printed Collections, 1500-1600 (Ottawa: Institute of Medieval Music, 1993).
=510  4\$aHenri Vanhulst, Catalogue des éditions de musique publiées à Louvain par Pierre Phalèse et ses fils 1545-1578 (Brussels: Palais des Académis, 1990),$cno. 52.
=510  4\$aRISM B/I,$c1558 ⁵
=546  \\$aLatin words.
=650  \0$aMotets.
=700  1\$aClemens non Papa, Jacobus,$dapproximately 1510-approximately 1555,$ecomposer.
=700  1\$aCrecquillon, Thomas,$d-1557?,$ecomposer.
=700  1\$aDe Latre, Petit Jean,$dapproximately 1510-1569,$ecomposer.
=700  1\$aMoreau, Symon,$dactive 1553-1558,$ecomposer.
=700  1\$aPhalèse, Pierre,$dapproximately 1510-$eprinter.
=700  1\$aWillaert, Adrian,$d1490?-1562,$ecomposer.
=700  1\$aWisme, Nicholas de,$ecomposer.
=752  \\$aBelgium$dLouvain.$2lcsh/naf
=856  41$uhttp://purl.org/rism/BI/1558/5$yDigitised score
=859  \\$aXLD$bDCW
=852  4\$cDRT$jDigital Store K.3.e.13.$aBritish Library$bMUSIC
=985  \\$aRecord amended for WR# 13/070
=985  \\$aname title to add
=985  \\$aCorrected by MS generated file for WR# 1805-0738
=CAT  \\$aBATCH-DCW$b00$c20171204$lBLL01$h0200
=CAT  \\$a1805-0738$c20190111$lBLL01$h1807
=CAT  \\$a1805-0738$b00$c20190111$lBLL01$h1828
=FIN  \\$aY$d20171204
=LKR  \\$aPAR$lBLL01$r776$b004538663$mLiber sextus cantionum sacrarum vulgo moteta vocant, quinque et sex vocum : ex optimis quibusque musicis selectarum.$nLiber sextus cantionum sacrarum vulgo moteta vocant, quinque et sex vocum : ex optimis quibusque musicis selectarum.
=DGM  \\$a004538663$bCatBridge variable field
=DRT  \\$aDCW
=SRC  \\$aDCW$bDCW_20171203
=OHC  \\$a1
=LAS  \\$a1805-0738$b00$c20190111$lBLL01$h1828

