=LDR  06613 cm a22008777  4500
=001  018631162
=003  Uk
=005  20171204020018.0
=007  cr\mn\024mpada
=008  930323s1539\\\\it\||z\\s\\\\\\\\\\\lat\\
=FMT  \\$a  MU
=019  d\$afa20780069
=040  \\$aUk$beng$cUk
=041  \\$alat$glat
=042  \\$aukblsr
=082  14$a780$215
=245  00$aMoteti de la Simia.
=246  1\$iTranscribed title from table of contents page in tenor part book:$aLIBER Primus. Vocum Quin[que] Viginti Motetos Habet.
=264  \1$aExcussum Ferrari :$bExpensis & Labore Iohannis de Buglhat, Henrici de Campis & Anthonii Hucher, Socioru [m],$c1539.
=300  \\$a5 part books ;$c17 x 23 cm (oblong 4º)
=336  \\$anotated music$2rdacontent
=337  \\$acomputer$2rdamedia
=338  \\$aonline$2rdacarrier
=340  \\$m4to$2rdabf
=500  \\$a'Mirabile misterium' is attributed to Jasquet of Mantua by both Harry Lincoln (The Latin Motet: Indexes to Printed Collections, 1500-1600) and George Nugent ("Jacquet of Mantua." Grove Music Online).
=500  \\$a'O quam preclara' is attributed to Jacquet of Mantua by George Nugent ("Jacquet of Mantua." Grove Music Online) and Jacquet de Berchem by Harry Lincoln (The Latin Motet: Indexes to Printed Collections, 1500-1600).
=500  \\$aCollection of motets in five parts.
=500  \\$aCopy at K.3.b.17. Digitised score at http://purl.org/rism/BI/1539/7.$5Uk
=500  \\$aCopy at K.3.b.17. Tenor (16 leaves); [1] 2-16 f.; paper dimensions: 163 x 217 mm.$5Uk
=500  \\$aHarry Lincoln suggests that 'Iuo' is Ivo de Vento, though James Haar ("Vento, Ivo de." Grove Music Online) indicates that de Vento was born too late, c1543 and 1545 and attributes the motets to Ivo Barry ("Ivo Barry." Grove Music Online).
=500  \\$aThe woodcut of a monkey eating fruit on the title page has been interpreted as a pointed reference to Antonio Gardane's Mottetti del frutto for five voices published in 1538 (which had a woodcut of fruit and contained an address by Gardane: the 'Cale de la Scimia'). Later in 1539 Gardane responded to Buglhat's insult by presenting on the title page of his Mottetti del frutto for six voices a woodcut of a lion and a bear (the animals of his printer's mark) attacking a monkey surrounded by half-eaten fruit (see Mary S. Lewis, Antonio Gardana Venetian Music Printer 1538-1569: A Descriptive and Historical Study (New York: Garland, 1988), Volume 1: 1538-1569, pp.31-22).
=500  \\$aTranscribed colophon: CVM GRATIA ET PRIVILEGIO. / Excussum Ferrariae, Expensis & Labore, Iohannis / De Buglhat, Henrici De Campis, & / Anthonii Hucher, Socioru[m]. / Mense Februarii. / Anno D[omi]ni. / 1539.
=500  \\$aTranscribed title page from tenor part book: MOTETI DE LA SIMIA.
=500  \\$aWith table of contents.
=505  0\$aInuiolata integra & casta (secunda pars: O benigna O maria) / N. Gombert -- Gaudent in celis / Archadet -- O sacu[m] co[n]uiuiu[m] / Archadet -- Salus populi ego sum / Hesdin -- Aue [vir]go g[lo]riosa / Iacquet de berchem -- Alleluya Sp[iritu]s d[omin]i (secunda pars: Laudes deo deuotas) / Hesdin -- Domine deus om[n]ipotens pater / Nicolaus gombert -- Sit trinitati sempiterna gloria / N. gombert -- Ego su[m] qui su[m] al[le]l[uy]a & co[n]silium meum (secunda pars: Tuleru[n]t d[omi]n[u]m meum) / Hesdin -- Regina celi letare (secunda pars: Resurrexit sicut dixit) / Claudin -- O Foelix regi[n]a a[n]gelorum (Cano[n] in Diape[n]the) / Iacquet de berchem -- Leuita laure[n]tius bonu[m] opus (secunda pars: Dis[per]sit dedit paup[er]ibus) / Iuo -- Letabundus exultet fidelis (secunda pars: Sicut fidus radiu[m]; tertia pars: Esayas cecinit sinagoga) / Iacobus de pont -- Tu es petrus et sup[er] ha[n]c petra[m] (secunda pars: Quodcu[m][que] ligaueris su[per] terra[m]) / Iuo -- O lux & decus hispanie (O singulare [pre]sidium) / Iacquet de berchem -- Mirabile misteriu[m] declaratur hodie / Iacquet -- Non turbetur cor vestrum (secunda pars: Ego rogabo patrem) -- O [quam] [pre]clara su[n]t tua gesta (secunda pars: O fides spei colume[n] & amoris ) / Iacquet -- O sidus hispanie gem[m]a pau[per]tatis / Maistre Ian -- Ne proiicias nos in te[m]pore / Adrian vvillart.
=510  0\$aClaudio Sartori, Dizionario degli Editori Musicali Italiani (Tipografi, incisori, librai editori) (Florence, Biblioteca di Bibliografia Italiana, 1963).
=510  1\$aHarry B. Lincoln, The Latin Motet: Indexes to Printed Collections, 1500-1600 (Ottawa: Institute of Medieval Music, 1993).
=510  1\$aMary S. Lewis, Antonio Gardana Venetian Music Printer 1538-1569: A Descriptive and Historical Study (New York: Garland, 1988), Volume 1: 1538-1569.
=510  4\$aRISM B/I,$c1539 ⁷
=546  \\$aWith a dedication to Ercole II d'Este, Duke of Ferrara, Modena, and Reggio in Latin.
=650  \0$aMotets.
=650  \0$aPart songs, Latin
=650  \0$aPart songs, Sacred
=700  0\$aJacquet,$cof Mantua,$d1483-1559,$ecomposer.
=700  0\$aMaistre Jhan,$dapproximately 1485-1538,$ecomposer.
=700  1\$aArcadelt, Jacob,$dapproximately 1505-1568,$ecomposer.
=700  0\$aIvo Barry,$dactive 1525-1550,$ecomposer.
=700  1\$aBerchem, Jachet de,$dactive 16th century,$ecomposer.
=700  1\$aBuglhat, Johannes de,$eprinter.
=700  1\$aGombert, Nicolas,$dactive 16th century,$ecomposer.
=700  1\$aHesdin, Nicolle des Celliers d',$d-1538,$ecomposer.
=700  1\$aHucher, Antonio,$eprinter.
=700  1\$aPonte, Giaches de,$dactive 16th century,$ecomposer.
=700  1\$aSermisy, Claudin de,$dapproximately 1490-1562,$ecomposer.
=700  1\$aWillaert, Adrian,$d1490?-1562,$ecomposer.
=700  1\$ade Campis, Henrico,$eprinter.
=752  \\$aItaly$dFerrara.$2lcsh/naf
=856  41$uhttp://purl.org/rism/BI/1539/7$yDigitised score
=859  \\$aXLD$bDCW
=852  4\$cDRT$jDigital Store K.3.b.17$aBritish Library$bMUSIC
=985  \\$aEarly Music Online project
=985  \\$aRecord amended for WR# 13/070
=985  \\$aname title to add
=985  \\$aCorrected by MS generated file for WR# 1805-0738
=CAT  \\$aBATCH-DCW$b00$c20171204$lBLL01$h0200
=CAT  \\$a11814$b40$c20180919$lBLL01$h1042
=CAT  \\$aBATCH-UPD$b40$c20180919$lBLL01$h1043
=CAT  \\$a1805-0738$c20190121$lBLL01$h1743
=CAT  \\$a1805-0738$b00$c20190121$lBLL01$h1745
=FIN  \\$aY$d20171204
=LKR  \\$aPAR$lBLL01$r776$b004538685$mMoteti de la Simia.$nMoteti de la Simia.
=DGM  \\$a004538685$bCatBridge variable field
=DRT  \\$aDCW
=SRC  \\$aDCW$bDCW_20171203
=OHC  \\$a1
=LAS  \\$a1805-0738$b00$c20190121$lBLL01$h1745

