=LDR  06673 cm a2200697 a 4500
=001  018631163
=003  Uk
=005  20171204020018.0
=007  cr\mn\024mpada
=008  930325s1539\\\\gw\||z\\s\\\\\\\\\\\lat\\
=FMT  \\$a  MU
=019  d\$afj21020009
=040  \\$aUk$beng$cUk
=041  \\$alat$ager$glat
=042  \\$aukblsr
=082  14$a780$215
=245  00$aOfficia paschalia :$bde resurrectione et ascensione Domini.
=264  \1$aVitebergae :$bApud Georgium Rhaw,$cMDXXXIX [1539]
=300  \\$a4 part books ;$c16 x 21 cm (oblong 4º)
=336  \\$anotated music$2rdacontent
=337  \\$acomputer$2rdamedia
=338  \\$aonline$2rdacarrier
=340  \\$m4to$2rdabf
=500  \\$aCollection of mass movements and motets in four parts (SATB), by various composers.
=500  \\$aCopy at K.3.e.17. Digitised score at http://purl.org/rism/BI/1539/14.$5Uk
=500  \\$aCopy at K.3.e.17. Discantus (44 leaves), Altus (54 leaves), Tenor (44 leaves), Bassus (47 leaves); original foliation: Tenor 1-87 on verso and recto; paper dimensions: 150 x 200 mm.$5Uk
=500  \\$aTitle from supplied title in tenor part book.
=500  \\$aTranscribed supplied title page from tenor part book: Officia Paschalia. / De Resurrectione et Ascensione / Domini. / Tenor / Vitebergae apud Georgium Rhaw / Anno Domini M.D.XXXIX.
=500  \\$aWith foreword in Latin by Georg Rhaw in tenor part book.
=505  0\$a(Resurrexit) Quid queritis vivente[m] (versus: Et constituisti) / Georgii Forsteri -- (Resurrexit) Quid queritis viventem (versus: Gloria & honore coro) (Et constituisti) / Ioannis VValtheri -- Resurrexi & adhuc tecum (versus: Domine [pro]basti) / Ioannis Galliculi -- Kyrie eleyson (Christe eleyson) (Kyrie eleyson) / Ioannes Galliculus -- [Et in terra pax] Gracias agimus tibi (Domine fili unigenite) (Qui tollis peccata mundi) (Quoniam tu solus sanctus) -- Alleluia (Pascha nostrum immolatus est) / Ioannes Galliculus -- Agnus redemit oves -- Christ ist erstanden -- Dic nobis Maria -- Credendum est magis -- Dominus vobiscum (secunda pars: Et introeuntes in monumentum) / Ioannes Galliculus -- Sanctus (Pleni sunt coeli) (Benedictus qui venit) -- Agnus Dei qui tollis peccata -- Pascha nostrum immolatus est -- (Resurrexit) Et adhuc tecum sum (versus: Domine probasti me) (Et resurrectionem meam) / Ioannis Alectorii -- Kyrie eleyson (Christe eleyson) (Kyrie eleyson) -- Gracias agimus tibi (Domine fili unigenite) (Qui tollis) (Quonium tu solus sanctus) -- Agnus redemit oves -- Dic nobis Maria -- Credendu[m] est magis soli Sanctus (Pleni sunt coeli) (Benedictus qui venit) -- (Pascha nostrum) Immolatus est Christus halleluia Resurrexit) Et adhuc tecum sum (versus: Domine probasti me) (Tu cognouisti) / Conradi Rein -- Kyrie eleyson (Christe eleyson) (Kyrie eleyson) / Adam Reneri -- [Et in terra pax] Gracias agimus tibi (Domine fili unigenite) (Qui tollis peccata mundi) (Quoniam to solus sanctus) -- (Haec dies) Quam fecit Dominus / C. Rein -- Alleluia (Pascha nostrum immolatus) (Epulemur in azimis) -- Agnus redemit oues / Alia prosa Resurrectione Adami Reneri -- Dic nobis Maria -- Credendum est magis soli -- Sanctus Dominus Deus (Pleni sunt coeli) (Osanna in excelsis) (Benedictus qui venit) (Osanna in excelsis) / Adam Reneri --
=505  0\$aAgnus Dei qui tollis -- Resurrexi. Et adhuc tecum sum (versus: Domine, [pro]basti me) (Tu cognouisti) / Thomas Stoltzer -- Confitemini Domino -- Alleluia (Pascha nostrum immolatus est) -- Agnus redemit oves -- Dic nobis Maria -- Credendum est magis -- Gaudeamus omnes in Domino / Ph. Verdelot -- Christus resurgens -- Quia vidisti me / Io. Zacharias -- Christus resurgens (secunda pars: Nos asserens in pristinam) / Ioannes Galliculus -- In exitu Israel (Mare vidit & fugit) (A facie Domini ([Non nobis Domine] Sed nomini tuo) (Deus autem noster) (Simulachra gentium) (Aures habent) (Domus Israel speravit) (Qui timent D[omi]n[u]m) (Sed nos qui vivimus) (Sicut erat in principio) -- Ave vivens hostia -- (Viri Galilei) Quid admiramini aspici (versus: Omnes gentes plaudite manibus) (Iubilate Deo) -- (Viri Galilei) Quid admiramini aspici (versus: Omnes gentes plaudite manibus) (Iubilate Deo) -- Summi triu[m]phu[m] Regis (Qui coeli qui terrae regit) (Hic nomen extat) (Saltu[m] de coelo) (Principis illius) Captivitatemq[ue] detentam) (Celebret ergo populus) (Qui Iesus a vobis) (Ut a dextris patris) (In fine seculi) -- (Psallite Domino) Qui ascendit super coelos -- Viri Galilei (versvs: Omnes gentes plaudite manibus) (Iubilate Deo in voce) / Th. Stoltzer -- Alleluia (Ascendit Deus in iubilatione) -- Qui coeli qui terrae regit (Huic nom[in]e) (Saltu[m] de coelo) (Principis illius) (Maniplis plurimis) (Captivitatemq[ue] detentam) (Deniq[ue] saltum) (Et tremens iudice[m]) (Iam Iditum) -- (Viri Galilei) Quid admiramini aspicientes (versus: Omnes gentes plaudite manibus) (Iubilate Deo) -- Alleluia (Ascendit Deus) -- Qui coeli qui terrae (Huic nom[in]e) (In virginalem) (Principis illius) ([Celebret ergo populus hunc diem, credulus] cuius morbida) (Cui Iesus a vobis) ([Ut a dextris patris] Qui sedet spiritura).
=510  4\$aRISM B/I,$c1539 ¹⁴
=546  \\$aLatin or German words.
=650  \0$aMasses.
=650  \0$aMotets.
=700  1\$aForster, Georg,$dapproximately 1510-1568,$ecomposer.
=700  1\$aGalliculus, Johannes,$dactive 16th century,$ecomposer.
=700  1\$aRein, Conrad,$dapproximately 1475-approximately 1522,$ecomposer.
=700  1\$aRener, Adam,$dapproximately 1485-approximately 1520,$ecomposer.
=700  1\$aRhaw, Georg,$d1488-1548,$eprinter.
=700  1\$aStoltzer, Thomas,$d-1526,$ecomposer.
=700  1\$aVerdelot, Philippe,$d-approximately 1565,$ecomposer.
=700  1\$aWalter, Johann,$d1496-1570,$ecomposer.
=710  2\$aGeorg Rhaw (Firm),$eprinter.
=752  \\$aGermany$bSaxony-Anhalt$aWittenberg.$2lcsh/naf
=856  41$uhttp://purl.org/rism/BI/1539/14$yDigitised score
=859  \\$aXLD$bDCW
=852  4\$cDRT$jDigital Store K.3.e.17.$aBritish Library$bMUSIC
=985  \\$aRecord amended for WR# 13/070
=985  \\$aname title to add
=985  \\$aCorrected by MS generated file for WR# 1805-0738
=CAT  \\$aBATCH-DCW$b00$c20171204$lBLL01$h0200
=CAT  \\$a1805-0738$c20190111$lBLL01$h1807
=CAT  \\$a1805-0738$b00$c20190111$lBLL01$h1828
=FIN  \\$aY$d20171204
=LKR  \\$aPAR$lBLL01$r776$b004607014$mOfficia paschalia : de resurrectione et ascensione Domini.$nOfficia paschalia : de resurrectione et ascensione Domini.
=DGM  \\$a004607014$bCatBridge variable field
=DRT  \\$aDCW
=SRC  \\$aDCW$bDCW_20171203
=OHC  \\$a1
=LAS  \\$a1805-0738$b00$c20190111$lBLL01$h1828

