=LDR  05602 cm a22007697  4500
=001  018649568
=003  Uk
=005  20171218020206.0
=007  cr\mn\024mpada
=008  930308|1549\\\\it\||z\\s\\\\\\\\\\\zxx\\
=FMT  \\$a  MU
=019  d\$aae08820002
=040  \\$aUk$beng$cUk
=041  \\$aita
=042  \\$aukblsr
=082  14$a780$215
=100  1\$aBarberiis, Melchiorre de,$ecomposer,$earranger.
=240  10$aIntabolatura di lautto,$nlibro 10
=245  10$aOpera intitolata contina :$bIntabolatura di lauto di fantasie per sonar uno solo con uno lauto, & farsi tenore & soprano: madrigali per sonar a dui lauti, fantasie per sonar a dui lauti: fantasie per sonar sopra la chitara da sette corde /$cComposta per il reverendo M. Pre Melchioro de Barberis Padoano, musico, & sonator di lauto eccellentissimo. Libro decimo.
=264  \1$aVenetijs :$bApud Hieronymum Scotum,$cMDXLIX [1549]
=300  \\$a1 score ;$c16 x 22 cm (oblong 4º)
=336  \\$anotated music$2rdacontent
=337  \\$acomputer$2rdamedia
=338  \\$aonline$2rdacarrier
=340  \\$m4to$2rdabf
=500  \\$aCollection of pieces for 1 or 2 lutes (some of them with voice) and seven-string guitar in tablature. The music consists of arrangements of secular and sacred music for lute, intabulated by Melchiore de Barberiis, and compositions by himself.
=500  \\$aCopy at K.7.c.20. 30 leaves; paper dimensions: 149 x 215 mm.$5Uk
=500  \\$aCopy at K.7.c.20. Digitised score at http://purl.org/rism/BI/1549/39.$5Uk
=500  \\$aDedicated to Ercole da San Bonifazio.
=500  \\$aTranscribed title page: OPERA INTITOLATA CONTINA. / INTABOLATVRA DI LAVTO DI FANTASIE, MOTETTI, / CANZONI, DISCORDATE A VARII MODI, FANTASIE PER SONAR / uno solo con uno Lauto, & farsi tenore & soprano: Madrigali per sonar a dui Lauti: Fantasie per / sonar a dui Lauti: Fantasie per sonar sopra la Chitara a da sette corde. / COMPOSTA PER IL REVERENDO M. PRE MELCHIORO / de Barberis Padoano, Musico, & sonator di Lauto eccellentissimo. / LIBRO DECIMO. / Venetijs apud Hieronymum Scotum M. D. XLIX.
=500  \\$aWith a table of contents entitled 'Tavola'. The last line reads 'NUMERO XXXIIII', most likely referring to the number of pieces in the volume (including second parts).
=505  0\$aRecercada. Prima parte. Fantasia. Seco[n]da parte -- Deul double deul -- Il est bel & bon -- Queramus cum pastoribus. Seconda parte: Ubi pascas ubi cubes -- Christi Corpus Ave -- Fantasia -- Fantasia -- Fantasia -- Canzon La volunte -- Fantasia -- Fantasia -- Canzon Francese -- Canzon [Le contente est riche en ce monde] -- Madrigale Se mai provasti donna -- Fantasia sopra Se mai provasti donna -- Madonna qual certezza -- Pas de mi bon compagni -- Fantasia per sonar con dui Lauti in ottava -- Fantasia ante scritta per sonare con dui Lauti in ottava -- Fanlasia (sic) -- Fantasia per sonar un Lauto, & farsi Tenor & Soprano. -- Fantasia discordata per sonare solo uno. -- Fantasia discordata. -- Fantasia. Prima parte. Fantasia. seconda parte. Fantasia. Terza parte -- Canzon -- Fantasia prima per sonar sopra la Chitara da sette corde -- Fantasia seconda per sonare sopra la Chitara da sette corde -- Fantasia terza per sonare sopra la Chitara da sette corde -- Fantasia quarta per sonar sopra la Chitara da sette corde.
=510  4\$aH. M. Brown, Instrumental Music Printed Before 1600: a Bibliography (Cambridge, MA, 1965),$c1549/2.
=510  4\$aJ. Bernstein: Music Printing in Renaissance Venice: The Scotto Press, 1539-72 (New York, 1998),$cno. 96.
=510  4\$aRISM B/I,$c1549 ³⁹
=546  \\$aItalian words.
=650  \0$aLute music (Lutes (2))$vScores.
=650  \0$aLute music$y17th century.
=650  \0$aSongs with lute$vScores.
=700  0\$aErcole$cda San Bonifazio,$ededicatee.
=700  0\$aSandrin,$dactive 1538-1561,$ecomposer.
=700  1\$aCortot, Alfred,$d1877-1962,$eformer owner.$5Uk.
=700  1\$aHesdin, Nicolle des Celliers d',$d-1538,$ecomposer.
=700  1\$aMouton, Jean,$d-1522,$ecomposer.
=700  1\$aPassereau, Pierre,$dactive 1509-1547,$ecomposer.
=700  1\$aScotto, Girolamo,$eprinter.
=700  1\$aSermisy, Claudin de,$dapproximately 1490-1562,$ecomposer.
=700  1\$aVerdelot, Philippe,$d-approximately 1565,$ecomposer.
=752  \\$aItaly$dVenice.$2lcsh/naf
=856  41$uhttp://purl.org/rism/BI/1549/39$yDigitised score
=859  \\$aXLD$bDCW
=852  4\$cDRT$jDigital Store K.7.c.20.$aBritish Library$bMUSIC
=985  \\$aEarly Music Online batch 2
=985  \\$aRecord amended for WR# 13/070
=985  \\$aname title to add
=985  \\$aCorrected by MS generated file for WR# 1805-0738
=CAT  \\$aBATCH-DCW$b00$c20171218$lBLL01$h0202
=CAT  \\$a1805-0738$c20190111$lBLL01$h1808
=CAT  \\$a1805-0738$b00$c20190111$lBLL01$h1828
=CAT  \\$aBATCH-UPD$b00$c20190207$lBLL01$h2028
=FIN  \\$aY$d20171218
=LKR  \\$aPAR$lBLL01$r776$b004193422$mOpera intitolata contina : Intabolatura di lauto di fantasie per sonar uno solo con uno lauto, & farsi tenore & soprano: madrigali per sonar a dui lauti, fantasie per sonar a dui lauti: fantasie per sonar sopra la chitara da sette corde /$nOpera intitolata contina : Intabolatura di lauto di fantasie per sonar uno solo con uno lauto, & farsi tenore & soprano: madrigali per sonar a dui lauti, fantasie per sonar a dui lauti: fantasie per sonar sopra la chitara da sette corde /
=DGM  \\$a004193422$bCatBridge variable field
=DRT  \\$aDCW
=SRC  \\$aDCW$bDCW_20171217
=OHC  \\$a1
=LAS  \\$aBATCH-UPD$b00$c20190207$lBLL01$h2028

