=LDR  04157 cm a22007097  4500
=001  018649569
=003  Uk
=005  20171218020206.0
=007  cr\mn\024mpada
=008  930310s1540\\\\fr\|||\|s||||||||\\\fre\|
=FMT  \\$a  MU
=019  d\$acc08190003
=040  \\$aUk$beng$cUk
=041  \\$afre
=042  \\$aukblsr
=082  14$a780$215
=130  0\$aChansons nouvelles,$n7e livre
=245  10$a[Septiesme liure co[n]tenant xxx. chansons nouvelles a quatre parties :$ben ung volume & en deux]
=264  \1$a[Paris] :$bPierre Attaingnant & Hubert Jullet,$c[1540]
=300  \\$a2 part books ;$c17 x 22 cm (oblong 4º)
=336  \\$anotated music$2rdacontent
=337  \\$acomputer$2rdamedia
=338  \\$aonline$2rdacarrier
=340  \\$m4to$2rdabf
=500  \\$aCollection of chansons in four parts. In two books, with Superius and Tenor parts on facing pages of one book, and Contratenor and Bassus parts on facing page in the other.
=500  \\$aCopy at K.8.b.5.(5.). Contratenor & Bassus (6 leaves; [I], XII-XVI f.).$5Uk
=500  \\$aCopy at K.8.b.5.(5.). Digitised score at http://purl.org/rism/BI/1540/13.$5Uk
=500  \\$aNames of parts: Superius et Tenor, Contratenor et Bassus.
=500  \\$aTitle page from Daniel Heartz, Pierre Attaingnant, Royal Printer of Music: A Historical Study and Bibliographical Catalogue (Berkeley and Los Angeles: University of California Press, 1969), no. 89:Septiesme liure co[n]tenant xxx. Chansons / NOVVELLES A QVATRE PARTIES, EN VNG VOLVME / & en deux, Imprimees par Pierre Attaingnant & Hubert Iullet / libraires & imprimeurs de musique du Roy, demourans a / Paris en la Rue de la Harpe pres leglise S. Cosme. / 1540. / [index] / Contratenor & Bassus / Auec priuilege du Roy, pour six ans.
=505  0\$aUng jour passe avec collette / Le hugier -- Jehan de lagny mon bel amy / Berchem -- Pleurez mes yeulx pour la dure defense Qui rend lamy / Sandrin -- Est il ung mal si rigoureux au monde / Villiers -- Que feu craintif ma cause gra[n]t martyre / Berchem -- O cueur ingrat qui tant mest redevable / Certon -- Reviens vers moy qui suys tant desolee / Lupi -- Amour afaict ce quil ne peult deffaire / Cadeac -- De tant aymer sans avoir jouyssance / Maillard -- Le souvenir de mon bien me rend triste / Maillard -- Languissant suis atte[n]dant que fortune / Villiers
=510  4\$aHeartz, Daniel, Pierre Attaingnant, Royal Printer of Music: A Historical Study and Bibliographical Catalogue (Berkeley and Los Angeles: University of California Press, 1969),$cno. 89.
=510  4\$aRISM B/I,$c1540 ¹³
=546  \\$aFrench words.
=650  \0$aPolyphonic chansons$vParts
=700  0\$aSandrin,$dactive 1538-1561,$ecomposer.
=700  1\$aAttaingnant, Pierre,$dactive 1528-1549,$eprinter.
=700  1\$aBerchem, Jachet de,$dactive 16th century,$ecomposer.
=700  1\$aCadéac, Pierre,$ecomposer.
=700  1\$aCerton, Pierre,$d-1572,$ecomposer.
=700  1\$aJullet, Hubert,$eprinter.
=700  1\$aLe Hugier,$ecomposer.
=700  1\$aLupi, Johannes,$d-1539,$ecomposer.
=700  1\$aMaillard, Jean,$dactive 1538-1572,$ecomposer.
=700  1\$aVilliers, Pierre de,$d1648-1728,$ecomposer.
=752  \\$aFrance$dParis.$2lcsh/naf
=856  41$uhttp://purl.org/rism/BI/1540/13$yDigitised score
=859  \\$aXLD$bDCW
=852  4\$cDRT$jDigital Store K.8.b.5.(5.)$aBritish Library$bMUSIC
=985  \\$aEarly Music Online project
=985  \\$aRecord amended for WR# 13/070
=985  \\$aname title to add
=985  \\$aCorrected by MS generated file for WR# 1805-0738
=CAT  \\$aBATCH-DCW$b00$c20171218$lBLL01$h0202
=CAT  \\$a1805-0738$c20190111$lBLL01$h1808
=CAT  \\$a1805-0738$b00$c20190111$lBLL01$h1828
=FIN  \\$aY$d20171218
=LKR  \\$aPAR$lBLL01$r776$b004263533$m[Septiesme liure co[n]tenant xxx. chansons nouvelles a quatre parties : en ung volume & en deux]$n[Septiesme liure co[n]tenant xxx. chansons nouvelles a quatre parties : en ung volume & en deux]
=DGM  \\$a004263533$bCatBridge variable field
=DRT  \\$aDCW
=SRC  \\$aDCW$bDCW_20171217
=OHC  \\$a1
=LAS  \\$a1805-0738$b00$c20190111$lBLL01$h1828

