=LDR  03725 cm a22005897  4500
=001  018649570
=003  Uk
=005  20171218020206.0
=007  cr\mn\024mpada
=008  930310s1540\\\\fr\||z\\s\\\\\\\\\\\mul\\
=FMT  \\$a  MU
=019  d\$acc08190004
=040  \\$aUk$beng$cUk
=041  \\$afre$aita
=042  \\$aukblsr
=082  14$a780$215
=130  0\$aChansons nouvelles,$n8e livre
=245  10$aHuitiesme livre contenant xix Chanso[n]s nouvelles a quatre parties /$cde la facture et composition de maistre Clement Jennequin en deux volumes.
=264  \1$aA Paris :$bImprimees par Pierre Attaingnant,$c1540.
=300  \\$a4 part books ;$c17 x 22 cm (oblong 4º)
=336  \\$anotated music$2rdacontent
=337  \\$acomputer$2rdamedia
=338  \\$aonline$2rdacarrier
=340  \\$m4to$2rdabf
=500  \\$aCollection of chansons by Clément Janequin in four parts (SATB), with an index on the title page. In two books, with Superius and Tenor parts on facing pages in one book, and Contratenor and Bassus parts on facing pages in the other.
=500  \\$aCopy at K.8.b.5.(1.). Contratenor & Bassus (16 leaves); original foliation: [I], II-XVI f.; paper dimensions: 165 x 210 mm.$5Uk
=500  \\$aCopy at K.8.b.5.(1.). Digitised score at http://purl.org/rism/AI/J445.$5Uk
=500  \\$aTranscribed title page from Contratenor & Bassus part book: Huitiesme liure contenant xix Chanso[n]s / NOVVELLES A QVATRE PARTIES DE LA FACTVRE ET / composition de maistre Clement Iennequin en deux uolumes / imprimees par Pierre Attaingnant libraire & / imprimeur de Musique du Roy demourant / a Paris en la Rue de la Harpe pres / leglise S. Cosme. 40. / [index] / Contratenor & Bassus / Auec priuilege du Roy pour six ans.
=505  0\$aUng gay bergier prioit une bergiere -- Jehanneton fut laultre jour au marche -- Lespoir confus a plus hault desirer -- Il estoit une fillette -- Guillot ung jour estoit avec babeau -- Secouez moy je suis toute pleumeuse -- Une belle jeune espousee -- Ung jour robin vint margot empoigner -- Plus ne suys ce que jay -- Baisez moy tost -- Mamye a eu de dieu -- Sy celle la qui oncques -- Las quon co[n]gneust mon vouloir sans le dire -- Lamour la mort & la vie -- O fortune nestois tu pas contente -- Jatens le te[m]ps -- Va rossignol amoureux messagier -- Si comme il chiaro sole fier in un bel cristallo -- Ou mettra lon ung baiser.
=510  4\$aDaniel Heartz, Pierre Attaingnan, Royal Printer of Music: A Historical Study and Bibliographical Catalogue (Berkeley and Los Angeles: University of California Press, 1969),$cno. 91.
=510  4\$aRISM A/I,$cJ 445
=546  \\$aMainly French chansons; some in Italian.
=650  \0$aPolyphonic chansons.
=700  1\$aAttaingnant, Pierre,$dactive 1528-1549,$eprinter.
=700  1\$aJanequin, Clément,$dapproximately 1495-approximately 1560.
=752  \\$aFrance$dParis.$2lcsh/naf
=856  41$uhttp://purl.org/rism/AI/J445$yDigitised score
=859  \\$aXLD$bDCW
=852  4\$cDRT$jDigital Store K.8.b.5.(1.)$aBritish Library$bMUSIC
=985  \\$aRecord amended for WR# 13/070
=985  \\$aname title to add
=985  \\$aCorrected by MS generated file for WR# 1805-0738
=CAT  \\$aBATCH-DCW$b00$c20171218$lBLL01$h0202
=CAT  \\$a1805-0738$c20190111$lBLL01$h1808
=CAT  \\$a1805-0738$b00$c20190111$lBLL01$h1828
=FIN  \\$aY$d20171218
=LKR  \\$aPAR$lBLL01$r776$b004263534$mHuitiesme livre contenant xix Chanso[n]s nouvelles a quatre parties /$nHuitiesme livre contenant xix Chanso[n]s nouvelles a quatre parties /
=DGM  \\$a004263534$bCatBridge variable field
=DRT  \\$aDCW
=SRC  \\$aDCW$bDCW_20171217
=OHC  \\$a1
=LAS  \\$a1805-0738$b00$c20190111$lBLL01$h1828

