=LDR  05162 cm a22007577  4500
=001  018649571
=003  Uk
=005  20171218020206.0
=007  cr\mn\024mpada
=008  930310s1542\\\\fr\||z\\s\\\\\\\\\\\fre\\
=FMT  \\$a  MU
=019  d\$acc08190005
=040  \\$aUk$beng$cUk
=041  \\$afre
=042  \\$aukblsr
=082  14$a780$215
=130  0\$aChansons nouvelles,$n9e livre
=245  10$aNeufiesme livre co[n]tena[n]t xxviii. cha[n]sons nouvelles a quatre parties :$ben ung volume, & en deux.
=264  \1$aParis :$bimprimees par Pierre Attaingnant & Hubert Jullet,$c1542.
=300  \\$a2 part books ;$c17 x 22 cm (oblong 4º)
=336  \\$anotated music$2rdacontent
=337  \\$acomputer$2rdamedia
=338  \\$aonline$2rdacarrier
=340  \\$m4to$2rdabf
=500  \\$aCollection of chansons in four parts. In two books, with Superius and Tenor parts on facing pages in one book, and Contratenor and Bassus parts on facing pages in the other.
=500  \\$aCopy at K.8.b.5.(2.). Contratenor et Bassus (16 leaves: [I], II-XVI f.); paper dimensions: 165 x 210 mm.$5Uk
=500  \\$aCopy at K.8.b.5.(2.). Digitised score at http://purl.org/rism/BI/1542/13.$5Uk
=500  \\$aTranscribed title page from Contratenor et Bassus part book: Neufiesme liure co[n]tena[n]t xxviii. Cha[n]sons / NOVVELLES A QVATRE PARTIES, EN VNG VOLVME / & en deux, Imprimees par Pierre Attaingnant & Hubert Iullet, / libraires & imprimeurs de musique du Roy, demourans a / Paris en la Rue de la Harpe pres leglise S. Cosme. / 1542. / [index] / Contratenor & Bassus / Auec priuilege du Roy, pour six ans.
=500  \\$aWith an index of works on the title page. Revised edition of RISM 1540 ¹⁴.
=505  0\$aO comme heureux testimeroys mon cueur / Certon -- Par ton seul bien ma jeunesse est heureuse / Maillard -- Le train damour a lincertain suivy / Maillard -- Si fermete quo[n] dict estre en amours / Maillard -- Que nest elle aupres de moy celle que jayme / Certon -- Vous mavies vostre cueur do[n]ne / Mornable -- Avecques vous mon amour finira / Lhuyllier -- Lardant desir du hault bien desire / Certon -- Pauvre & loyal trompe par lesperance / Mittantier -- O triste a dieu qui tant me mescontente / Certon -- Que gaignez vous a voulour differer / Maille - Force damour souvent me veult co[n]traindre / Villiers -- Espoir est gra[n]d mais co[n]tenteme[n]t passe / Certon -- Ce moys de may au joly vert bosquet / Bouteiller -- Laultrier je veiz par ung clair matinet / De porta -- Contente ou non il faut que je lendure / Sohier -- Moins je la veulx plus me[n] croist le desir / Mittantier -- O feu damour qui mas tout co[n]somme / Certon -- Il nest tresor que de lyesse / Lupi -- La nuyct passee en mon lict je songeoye / Mornable -- Si Dieu vouloit pour ung jour seullme[n]t / Mornable -- Celuy qui fust du bien du bien & du torment / Mittantier -- Du corps absent le cueur je te presente / Certon -- Ayant son cueur rompu la loyaulte / Maillard -- Vouldries vous bien estant de vous aymee / Maille -- Est il poinct vray ou si je lay songe / Maille -- A qui me doibz je retirer / Maille -- Trop plus que heureux so[n]t les ama[n]tz parfaitz / Le hugier.
=510  4\$aHeartz, Daniel, Pierre Attaingnant, Royal Printer of Music: A Historical Study and Bibliographical Catalogue (Berkeley and Los Angeles: University of California Press, 1969),$cno. 106.
=510  4\$aRISM B/I$c1542 ¹³
=546  \\$aFrench words.
=650  \0$aPolyphonic chansons$vParts
=700  1\$aAttaingnant, Pierre,$dactive 1528-1549,$eprinter.
=700  1\$aCerton, Pierre,$d-1572,$ecomposer.
=700  1\$aDe Porta,$ecomposer.
=700  1\$aHugier,$ecomposer.
=700  1\$aJullet, Hubert,$eprinter
=700  1\$aL'Huyllier,$ecomposer.
=700  1\$aLe Bouteiller, Jean,$ecomposer.
=700  1\$aLupi, Johannes,$d-1539,$ecomposer.
=700  1\$aMaillard, Jean,$dactive 1538-1572,$ecomposer.
=700  1\$aMaille,$ecomposer.
=700  1\$aMittantier,$dactive 1536-1547,$ecomposer.
=700  1\$aMornable, Antoine,$dactive 1530-1553,$ecomposer.
=700  1\$aSohier, Mathieu,$d-approximately 1560,$ecomposer.
=700  1\$aVilliers, P,$ecomposer.
=752  \\$aFrance$dParis$2lcsh/nah
=856  41$uhttp://purl.org/rism/BI/1542/13$yDigitised score
=859  \\$aXLD$bDCW
=852  4\$cDRT$jDigital Store K.8.b.5.(2.)$aBritish Library$bMUSIC
=985  \\$aEarly Music Online project
=985  \\$aRecord amended for WR# 13/070
=985  \\$aname title to add
=985  \\$aCorrected by MS generated file for WR# 1805-0738
=CAT  \\$aBATCH-DCW$b00$c20171218$lBLL01$h0202
=CAT  \\$a1805-0738$c20190111$lBLL01$h1808
=CAT  \\$a1805-0738$b00$c20190111$lBLL01$h1828
=FIN  \\$aY$d20171218
=LKR  \\$aPAR$lBLL01$r776$b004263535$mNeufiesme livre co[n]tena[n]t xxviii. cha[n]sons nouvelles a quatre parties : en ung volume, & en deux.$nNeufiesme livre co[n]tena[n]t xxviii. cha[n]sons nouvelles a quatre parties : en ung volume, & en deux.
=DGM  \\$a004263535$bCatBridge variable field
=DRT  \\$aDCW
=SRC  \\$aDCW$bDCW_20171217
=OHC  \\$a1
=LAS  \\$a1805-0738$b00$c20190111$lBLL01$h1828

