=LDR  05183 cm a22007577  4500
=001  018649572
=003  Uk
=005  20171218020206.0
=007  cr\mn\024mpada
=008  930310s1541\\\\fr\||z\\s\\\\\\\\\\\fre\\
=FMT  \\$a  MU
=019  d\$acc08190006
=040  \\$aUk$beng$cUk
=041  \\$afre
=042  \\$aukblsr
=082  14$a780$215
=130  0\$aChansons nouvelles,$n11e livre
=245  10$aUnziesme liure co[n]tenant xxviii. cha[n]sons nouuelles :$ba quatre parties en vng volume et en deux.
=264  \1$aParis :$bPierre Attaingnant et Hubert Jullet,$c1541.
=300  \\$a2 part books ;$c16 x 20.5 cm (oblong 4º)
=336  \\$anotated music$2rdacontent
=337  \\$acomputer$2rdamedia
=338  \\$aonline$2rdacarrier
=340  \\$m4to$2rdabf
=500  \\$aCollection of chansons in four parts. In two books, with Superius and Tenor parts on facing pages of one book, and Contratenor and Bassus parts on facing pages in the other.
=500  \\$aCopy at K.4.g.1. Digitised score at http://purl.org/rism/BI/1542/15.$5Uk
=500  \\$aCopy at K.4.g.1. Superius et Tenor (16 leaves), Contratenor et Bassus (16 leaves); original foliation: [i], ii-xvi f. in each part book; paper dimensions: 160 x 205 mm.$5Uk
=500  \\$aTranscribed title page from Superius et Tenor part book: Unziesme liure co[n]tenant xxviii. Cha[n]sons nouuelles a / quatre parties en vng volume et en deux imprimees par / Pierre Attaingnant et Hubert Jullet libraires et Impri- / meurs de musique du Roy demoura[n]s a Paris en la Rue / de la Harpe pres leglise S. Cosme. M.D.xli. / [index] / Superius et Tenor. / Avec priuilege du Roy pour six ans.
=500  \\$aWith an index of works on the title page.
=505  0\$aLe ieu daymer ou ieunesse sesbat / Certon -- Ie le retiens tousiours pour moy / Mornable -- Jay ueu que iestoys franc et maistre / Certon -- Si iay du bien helas cest par mensonge / Maille -- Voulant amour soubz parler gracieux / Claudin -- Est ce au moyen dune grande amytie / Claudin -- Trop tost iay creu y prenant tel plaisir / Mornable -- O co[m]bien est malheureux le desir / Claudin -- Du mal que iay las qui men guerira / Maillard -- Si ta beaulte se garnist de prudence . Certon -- Je nayme plus la mondaine plaisance / Anonymous -- Jeha[n]ne disoit vng iour a ianinet / Garnier -- De mon las cueur iay donne le pouuoir / Wauquel -- En esperant ie viz en grant languer / Certo -- Puis que fortune a sur moy entrepris / Mittantier -- Las ie scay bien que ie feis grande offence / Harchadelt -- Sy lon doibt prendre vng bien faict pour offence / Mornable -- La loy dho[n]neur qui nous dict et co[m]mande / Gentian -- Cest vng gra[n]d cas quamo[u]|r qui a puyssance / Gentian -- Au feu venez moy secourir / Maillard -- Puis que damour recoys election / Maillard -- Ung mesnagier vieillard recreu de[n]han / Sohier -- Cest vng grant mal que du[n]g refus / Certon -- En espoir viz et crainte me tourmente / Anonymous -- Elle a bien ce riz gracieux / Claudin -- Apres auoir longuement attendu soubz le confort / Certon -- Jamais ie ne co[n]fesseroys quamour delle / Mornable -- Honneur sans plus en noble cueur prent place / Lupus
=510  4\$aHeartz, Daniel, Pierre Attaingnant, Royal Printer of Music: A Historical Study and Bibliographical Catalogue (Berkeley and Los Angeles: University of California Press, 1969),$cno. 101
=510  4\$aRISM B/I,$c1542 ¹⁵
=546  \\$aFrench words.
=650  \0$aPolyphonic chansons$vParts
=700  1\$aArcadelt, Jacob,$dapproximately 1505-1568,$ecomposer.
=700  1\$aAttaingnant, Pierre,$dactive 1528-1549,$ecomposer.
=700  1\$aCerton, Pierre,$d-1572,$ecomposer.
=700  1\$aGarnier (Grenier),$ecomposer.
=700  1\$aGentian,$dactive 1538-1559,$ecomposer.
=700  1\$aJullet, Hubert,$eprinter.
=700  1\$aLe Jeune, Claude,$d-1600,$ecomposer.
=700  1\$aLupus,$ecomposer.
=700  1\$aMaillard, Jean,$dactive 1538-1572,$ecomposer.
=700  1\$aMaille,$ecomposer.
=700  1\$aMittantier,$dactive 1536-1547,$ecomposer.
=700  1\$aMornable, Antoine,$dactive 1530-1553,$ecomposer.
=700  1\$aSohier, Mathieu,$d-approximately 1560,$ecomposer.
=700  1\$aWauquel,$ecomposer.
=752  \\$aFrance$dParis.$2lcsh/naf
=856  41$uhttp://purl.org/rism/BI/1542/15$yDigitised score
=859  \\$aXLD$bDCW
=852  4\$cDRT$jDigital Store K.4.g.1.$aBritish Library$bMUSIC
=985  \\$aEarly Music Online project
=985  \\$aRecord amended for WR# 13/070
=985  \\$aname title to add
=985  \\$aCorrected by MS generated file for WR# 1805-0738
=CAT  \\$aBATCH-DCW$b00$c20171218$lBLL01$h0202
=CAT  \\$a1805-0738$c20190111$lBLL01$h1808
=CAT  \\$a1805-0738$b00$c20190111$lBLL01$h1828
=FIN  \\$aY$d20171218
=LKR  \\$aPAR$lBLL01$r776$b004263536$mUnziesme liure co[n]tenant xxviii. cha[n]sons nouuelles : a quatre parties en vng volume et en deux.$nUnziesme liure co[n]tenant xxviii. cha[n]sons nouuelles : a quatre parties en vng volume et en deux.
=DGM  \\$a004263536$bCatBridge variable field
=DRT  \\$aDCW
=SRC  \\$aDCW$bDCW_20171217
=OHC  \\$a1
=LAS  \\$a1805-0738$b00$c20190111$lBLL01$h1828

