=LDR  05504 cm a22008297  4500
=001  018649574
=003  Uk
=005  20171218020206.0
=007  cr\mn\024mpada
=008  930310s1544\\\\fr\||z\\s\\\\\\\\\\\fre\\
=FMT  \\$a  MU
=019  d\$acc08190008
=040  \\$aUk$beng$cUk
=041  \\$afre
=042  \\$aukblsr
=082  14$a780$215
=130  0\$aChansons novelles,$n11e livre
=245  10$aQuinziesme livre co[n]tenant xxx. cha[n]sons nouvelles à quatre parties :$ben deux volumes.
=264  \1$aParis :$bPierre Attaingnant,$c1544.
=300  \\$a2 part books ;$c17 x 22 cm (oblong 4º)
=336  \\$anotated music$2rdacontent
=337  \\$acomputer$2rdamedia
=338  \\$aonline$2rdacarrier
=340  \\$m4to$2rdabf
=500  \\$aCollection of chansons in four parts. In two books, with Superius and Tenor parts on facing pages of one book, and Contratenor and Bassus parts on facing pages in the other.
=500  \\$aCopy at K.8.b.5.(4.). Contratenor & Bassus (16 leaves; [I], II-XVI f.); paper dimensions: 164 x 211 mm.$5Uk
=500  \\$aCopy at K.8.b.5.(4.). Digitised score at http://purl.org/rism/BI/1544/7.$5Uk
=500  \\$aNames of parts: Superius et Tenor, Contratenor et Bassus
=500  \\$aTranscribed title page from Contratenor et Bassus part book: Quinziesme liure co[n]tenant xxx: Cha[n]sons / NOVVELLES A QVATRE PARTIES, EN DEVX VOLVMES / imprimees Par Pierre Attaingnant, libraire & Imprimeur de Musique du Roy / demourant a Paris en la Rue de la Harpe, pres leglise S. Cosme. / [ms 15]44. / [index] / Contratenor & Bassus / Auec priuilege du Roy pour six ans.
=500  \\$aWith an index of works on the title page.
=505  0\$aSi le bon dieu protecteur dinnoncence / Certon -- Si par desir bien desirer & le plaisir poi[n]t nempirer / -- Sortez mes pleurs hastez vous de descendre / Mornable -- En esperant souvent espoir masseure / Poilhiot -- En esperant quau nouveau te[m]ps de ver / Maille -- Corps sesloi[n]gna[n]t faict so[n] cueur approcher / Claudin -- En nayma[n]t rien fors quelle seuleme[n]t / Ebran -- Le doulx regard du bien que je desire / Godard -- O mal daymer qui tous maulx oultre passe / Jannequin -- Le cler soleil au plus hault degre luit / Maille -- Pleust or a dieu pour fuyr mes malheurs / Poilhiot -- Si jay ayme soubz esperance / Romain -- Dame dho[n]neur ou vertu se repose / Maille -- O mes amys nayez compassion / Mornable -- Fy damours & de leur alliance / Claudin -- Lenfant amour na plus son arc estrange / De Marle -- La palme doulce avant que feulles rendre / Gardane -- Si lon me monstre affection / Belin -- Qui veult damour scavoir tous les esbatz / Jannequin -- En fust il onc une plus excellente / Jannequin -- Las on peult juger clerement / Jannequin -- Venez regretz venez peine & soulcy / Meigret -- Par le seul traict de voz yeulx flamboyans / Meigret -- Helas tel feu dans le cueur mavez mis / Gardane -- De peu assez a cil qui se contente / Gardane -- Au fort il ne me[n]chault / Certon -- Ung si gra[n]d bien cest raison quil sattende / Lhuyllier -- Je sens laffection Qui a moy se vient rendre / Boyvin -- Oeil peu constant messagier des pensees / Dauxerre -- Si je navoys ung qui mo[n] cueur co[n]tente / Belin.
=510  4\$aHeartz, Daniel, Pierre Attaingnant, Royal Printer of Music: A Historical Study and Bibliographical Catalogue (Berkeley and Los Angeles: University of California Press, 1969),$cno. 117.
=510  4\$aRISM B/I,$c1544 ⁷
=546  \\$aFrench words.
=650  \0$aPolyphonic chansons.
=700  1\$aAttaingnant, Pierre,$dactive 1528-1549,$eprinter.
=700  1\$aBelin, Guillaume,$ecomposer.
=700  0\$aBoyvin,$dactive approximately 1540-approximately 1545,$ecomposer.
=700  1\$aCerton, Pierre,$d-1572,$ecomposer.
=700  1\$aD'Auxerre,$ecomposer.
=700  1\$aEbran,$ecomposer.
=700  1\$aGardane, Antonio,$d1509-1569,$ecomposer.
=700  1\$aGodard, Robert,$dactive 1536-1560,$ecomposer.
=700  1\$aJanequin, Clément,$dapproximately 1495-approximately 1560,$ecomposer.
=700  1\$aL'Huyllier,$ecomposer.
=700  1\$aLe Jeune, Claude,$d-1600,$ecomposer.
=700  1\$aMaille,$ecomposer.
=700  1\$aMarle, Nicolas de,$dactive 1544-1568,$ecomposer.
=700  1\$aMeigret,$dactive 1543-1557,$ecomposer.
=700  1\$aMornable, Antoine,$dactive 1530-1553,$ecomposer.
=700  1\$aPoilhiot,$ecomposer.
=700  1\$aRomain, Pierre,$ecomposer.
=752  \\$aFrance$dParis.$2lcsh/naf
=856  41$uhttp://purl.org/rism/BI/1544/7$yDigitised score
=859  \\$aXLD$bDCW
=852  4\$cDRT$jDigital Store K.8.b.5.(4.)$aBritish Library$bMUSIC
=985  \\$aEarly Music Online project
=985  \\$aRecord amended for WR# 13/070
=985  \\$aname title to add
=985  \\$aCorrected by MS generated file for WR# 1805-0738
=CAT  \\$aBATCH-DCW$b00$c20171218$lBLL01$h0202
=CAT  \\$aBATCH-UPD$b00$c20181218$lBLL01$h1918
=CAT  \\$a1805-0738$c20190121$lBLL01$h1743
=CAT  \\$a1805-0738$b00$c20190121$lBLL01$h1745
=CAT  \\$aBATCH-UPD$b00$c20190404$lBLL01$h2034
=FIN  \\$aY$d20171218
=LKR  \\$aPAR$lBLL01$r776$b004263538$mQuinziesme livre co[n]tenant xxx. cha[n]sons nouvelles à quatre parties : en deux volumes.$nQuinziesme livre co[n]tenant xxx. cha[n]sons nouvelles à quatre parties : en deux volumes.
=DGM  \\$a004263538$bCatBridge variable field
=DRT  \\$aDCW
=SRC  \\$aDCW$bDCW_20171217
=OHC  \\$a1
=LAS  \\$aBATCH-UPD$b00$c20190404$lBLL01$h2034

