=LDR  05008 cm a22006497  4500
=001  018649575
=003  Uk
=005  20171218020206.0
=007  cr\mn\024mpada
=008  930310s1541\\\\be\||z\\s\\\\\\\\\\\fre\\
=FMT  \\$a  MU
=019  d\$acc08190083
=040  \\$aUk$beng$cUk
=041  \\$afre$gfre$glat
=042  \\$aukblsr
=082  14$a780$215
=130  0\$aChansons musicales.$f1541
=245  10$aVingt et six chansons musicales & nouuelles conuenables$btant a la uoix comme aussi propices a iouer de diuers instrumentz
=260  \\$aImprimees en Anvers :$bpar Thilman Susato,$c[1541?]
=300  \\$a4 part books ;$c16 x 21 cm (obl. 4o)
=336  \\$anotated music$2rdacontent
=337  \\$acomputer$2rdamedia
=338  \\$aonline$2rdacarrier
=500  \\$aCollection of chansons in four and five parts, with table of contents in each part book. 21 five-part and five four-part chansons (nos. 6, 7, 9, 10, 13). Nos 1, 6, 7, 20 and 24 are canons. The fifth voice part, when required, is printed in one of the other part books.
=500  \\$aCopy at K.4.g.2. Digitised score at http://purl.org/rism/BI/1543/15.$5Uk
=500  \\$aCopy at K.4.g.2. Svperivs (16 leaves + 1 inserted leaf), Tenor (18 leaves), Contra Tenor (16 leaves), Bassvs (16 leaves); original foliation: Superius [1], [leaf inserted], 2 - 16 f., Tenor [1], 2 - 17, [18] f., Contra tenor [1], 2 - 16 f., Bass [1 - 2], 3 - 16 f.; paper dimensions: 160 x 206 mm.$5Uk
=500  \\$aThe Tenor has a different title-page and a dedication in verse to Queen Mary of Hungary: at the end is 'Fin du Premier Liure'.
=500  \\$aTranscribed title page from superius part book: VINGT ET SIX CHAN= / cons musicales & nouuelles con= / uenables tant a la uoix comme aussi / PROPICES A IOVER DE DI- / uers Instrumentz nouuellement Imprimees en / ANVERS. PAR THILMAN SVSATO / Correcteur & Imprimeur de Musicque. / SVPERIVS. / Cum Gratia & Priuilegio.
=505  0\$aDont vient cela belle ie vous supply / Thomas. Crequillon -- Vostre gent corps doulce fillette / Io. Lupi -- Loing de tes yeulx tamour me vie[n]t / Tho. Crequillon -- La rosee du mois de may ma gaste / Io. Mouton -- Sans auoir aultres contenteme[n]s / Io. Gallus -- Trop a regretz faict mon cueur sa demeure -- Ie my leuay par vng matin / Descaudain -- Damours me planis & no[n] de vous mamye / Cor. Canis -- Si tu te plains damours tant seulleme[n]t / Tielman. Susato -- Pis ne me peult venir que iay iusques ici / Thomas Crequillon -- Ioyeulx receiul & gracieulx addresse / Io. Lupi -- Sans la veoir co[n]te[n]t ester ne puis / Tho. Crequillon -- Ie content est riche en ce monde / Tielman. Susato -- Plaisir nay plus mais vis en desconfort / [Ni. Gombert] -- Cvidez vous que dieu nous faille / Io. Richafort -- Vng iour viendra que iauray ma plaisance / [Gombert] -- Millez regretz fera mo[n] pouure cueur / Tielman. Susato -- Crainte & espoir moppressent gra[n]dement / Thomas Crequillon -- Qvui belles amours a souuent se les remue -- Accordez moy que vostre soye / Io. Baston -- Dargent me plains no[n] damours ou damye / Tielman. Susato -- Languir me fais en douleur & tristesse / Io. Baston -- Le bergier & la bergiere / Io. Gallus -- Tous mes amis venez ma plainte / Cor. Canis -- Si par souffrir lon peult vaincre fortune / Cor. Canis -- Pvis quen ianuier on peult appercheuoir / Tielman. Susato.
=510  4\$aRISM B/I,$c1543 ¹⁵
=546  \\$aFrench words.
=650  \0$aPolyphonic chansons$vParts$y16th century
=700  0\$aMaria,$cQueen, consort of Louis II, King of Bohemia and Hungary,$d1505-1558,$ededicatee.
=700  1\$aBaston, Josquin,$dactive 1542-1563,$ecomposer.
=700  1\$aCanis, Cornelius,$dapproximately 1510-1561,$ecomposer.
=700  1\$aCrecquillon, Thomas,$d-1557?,$ecomposer.
=700  1\$aGallus, Joannes,$dactive 16th century,$ecomposer.
=700  1\$aGombert, Nicolas,$dactive 16th century,$ecomposer.
=700  1\$aLupi, Johannes,$d-1539,$ecomposer.
=700  1\$aMouton, Jean,$d-1522,$ecomposer.
=700  1\$aRémy, Jean,$d-1562,$ecomposer.
=700  1\$aRichafort, Jean,$dactive 1507-1548,$ecomposer.
=700  1\$aSusato, Tielman,$dactive 1529-1561,$eprinter and composer.
=752  \\$aBelgium$dAntwerp.$2lcsh/naf
=856  41$uhttp://purl.org/rism/BI/1543/15$yDigitised score
=859  \\$aXLD$bDCW
=852  4\$cDRT$jDigital Store K.4.g.2$aBritish Library$bMUSIC
=985  \\$aRecord amended for WR# 13/070
=985  \\$aname title to add
=CAT  \\$aBATCH-DCW$b00$c20171218$lBLL01$h0202
=FIN  \\$aY$d20171218
=LKR  \\$aPAR$lBLL01$r776$b004263608$mVingt et six chansons musicales & nouuelles conuenables tant a la uoix comme aussi propices a iouer de diuers instrumentz$nVingt et six chansons musicales & nouuelles conuenables tant a la uoix comme aussi propices a iouer de diuers instrumentz
=DGM  \\$a004263608$bCatBridge variable field
=DRT  \\$aDCW
=SRC  \\$aDCW$bDCW_20171217
=OHC  \\$a1
=LAS  \\$aBATCH-DCW$b00$c20171218$lBLL01$h0202

