=LDR  11447ccm a22009497  4500
=001  018649576
=003  Uk
=005  20230922105533.0
=007  cr\mn\024mpada
=008  930316s1594\\\\gw\||z\\s\\\\\\\\\\\mul\\
=FMT  \\$a  MU
=019  d\$ach11890001
=040  \\$aUk$beng$cUk
=041  \\$alat
=042  \\$aukblsr
=082  14$a780$215
=245  00$aFlorilegium omnis fere generis cantionum suauissimarum ad testudinis tabulaturam accommodatarum, longe iucundissimum.$bIn quo praeter fantasias lepidissimas /$ccontinentur diuersorum authorum cantiones selectissimae, utpote: motetae, neopolitanae, madrigalestriu[m], quatuor, quin[que], sex vocum. Item passemezi, galiardae, alemandi, courātes, voltae, branles & eius generis choreae variae: omnia ad testudinis tabulaturam fideliter redacta, per Adrianum Denss. Indicem cantionum & choraearum post praefationem videre licebit.
=264  \1$aColoniae Agrippinae :$bExcudebat Gerardus Greuenbruch,$c1594.
=300  \\$a1 table book ;$c33 x 21 cm (folio)
=336  \\$anotated music$2rdacontent
=337  \\$acomputer$2rdamedia
=338  \\$aonline$2rdacarrier
=340  \\$mfolio$2rdabf
=500  \\$aCollection of motets, madrigals, chansons, lieder, fantasias and dances for solo lute and voices, with table of contents. Names of composers are given in the table of contents only.
=500  \\$aCopy at K.3.m.20. 96 leaves; paper dimensions: 324 x 200 mm.$5Uk
=500  \\$aCopy at K.3.m.20. Digitised score at http://purl.org/rism/BI/1594/19.$5Uk
=500  \\$aTranscribed title page: FLORILEGIVM / OMNIS FERE GENERIS / CANTIONVM SVAVISSIMARVM / AD TESTVDINIS TABVLATVRAM AC- / COMMODATARVM, LONGE IVCVN- / DISSIMVM. / IN QVO PRAETER FANTASIAS LEPIDISSIMAS, / continentur diuersorum Authorum cantiones selectißimae, vtpote: / Motetae, Neopolitanae, Madrigales triu[m], quatuor, quin[que], sex / vocum. Item Paßemezi, Galiardae, Alemandi, Coura[n]tes / Voltae, Branles & eius generis Choreae variae: Om- / nia ad Testudinis tabulaturam fideliter / redacta, per / Adrianum Denss. / Indicem cantionum & choraearum post praefationem videre licebit. / COLONIAE AGRIPPINAE. / Excudebat Gerardus Greuenbruch. Anno redemptionis, / M. D. XCIV.
=505  0\$aAmor deh dimmi come / Gio: Maria Nanino -- Ohn dich muß ich mich aller freuden masse[n] / Lechnerus -- Chiamo la mort' haime che me ne leui / Theodor[us] Riccius -- Mamma mia cara, mamma dolc' e bella / Idem -- Se tu m'ami i t'adoro / Andreas Gabrielis -- Non ti sdegnar o Filli ch'io ti segua / Idem -- Fantasia Prima -- Fantasia 2. -- Fantasia 3. -- Fantasia 4. -- Fantasia 5. -- Fantasia 6. -- Fantasia Gregorij Howet / Gregorij Howet -- Fantasia alia eiusdem / Eiusdem -- Fantasia 10. -- Fantasia 9. -- Fantasia 11. -- Gaillarde Prima -- Galiarda Secunda -- Galiarda Tertia -- Galiarda Quarta -- Galiarda Quinta -- Galiarda Sexta -- Galiarda Septima -- Galiarda Octaua, noua -- Galiarda Nona, noua -- Galiarda Decima -- Passemezo in C sol fa vt b mol -- Eiusdem Galiarda -- Passemezo in G sol re vt, per b. mol -- Eiusdem Galiarda -- Gagliarda Ferabosco / Ferabosci -- Passemezo in F. fa vt per b. mol -- Eiusdem Galiarda -- Passemezo in D. la sol re per b mol -- Eiusdem Galiarda -- Passemezo in G. sol re vt per durum -- Eiusdem Galiarda -- Passemezo in C. sol fa vt per b durum -- Eiusdem Galiarda -- Passemezo in F, fa vt per b durum -- Eiusdem Galiarda -- Passemezo in D. la sol re per b durum -- Eiusdem Galiarda -- Allemanda Prima -- Allemanda Secunda -- Allemanda 3. -- Allemanda 4. -- Ripresa -- Allemanda d'Alliance -- Allemanda Brunette -- Allemanda Ich danke Gott -- Allemanda Octaus -- Allemanda de Fleur -- Allemanda decima -- Allemanda vndecima -- Allemanda duodecima -- Allemanda decima tertia -- Variatio praecedentis -- Allemanda 15. -- Variatio praecedentis -- Allemanda 17. -- Reprise -- Allemanda d'Amour -- Variatio praecedentis -- Allemanda Imperial -- Allemanda 22. -- Courante de Victor de Montbuisson / Victor de Montbuisson -- Courante eiusdem / Eiusdem -- Courante -- Courante de Victor de Montbuisson / Victor de Montbuisson -- Volta -- Volta -- Vray Dieu disoit vne fillet / Orlandus --
=505  0\$aBranle -- B[ranle double] -- B[ranle de Poitou] -- C[ourante] -- Ronde -- Branle -- Allemande -- Pauren Tanz -- Reprise -- Variatio.
=505  0\$aDonna ben ch'io dimonstri allegro il volto / Idem -- Io stanco e lasso mi posi a sedere / Idem -- E vn sol in cielo ch si chiama Apollo / Idem -- Che me gioua seruir con tanta fede / Idem -- Merauiglia d'amore che m'arda vn freddo / Idem -- Mitrà d'hogg'in dimane / Gastoldi -- Desir che tanti salli / Gaspar Costa -- Godi pur del ben sen felice pulce / Idem -- Io vorrei pur hormai for fine amore / Idem -- Lottaua Sfera è quella che piu de l'altre / Idem -- Giouani vaghi siam che qui d'intorno / Idem -- Come farò cor mio quando ti parti / Idem -- Al dipartir della mia chiara stella / Idem -- Amors'io posso dir la voglia mia / Idem -- Se doppo mille manifeste proue / Idem -- Di Pianti di sospir nutrisco il core / Idem -- Mentre lontan da voi chiaro mio sole / Idem -- Non si può più mirar cosa nel mondo / Idem -- Per pianto la mia carnesi distilla / Idem -- La verginell' e simil alla rosa / Baldasar Donato -- Gl'occhi leggiardi el bel viso sereno / Gaspar Costa -- Venite Maghi à rimirar mia stella / Idem -- Disi à l'amata mia lucida stella / Luca Marenzo -- Veggo dolce mio bene / Idem -- Ridon di maggio i prati vaghi colli / Haslerus -- Chi mi dimanderà che cosa è amore / Idem -- Mit hab ich gentzlich mit begir / Leonardus Lechnerus -- Wo jema[n]d lust zum bule[n] hat / Idem -- O dolci vita mia perche / Giulio Renaldi -- Veux tu ton mal / Orlandus -- Le voulés vous i'e[n] suis tres bien co[n]tente -- Que me seruent mes vers / Philip. de Monte -- Est il possible a moy pouuoir trouuer / Orlandus -- Del auro crin de la Tassinia bella (secunda pars: Con lei stell'e col sol) / Idem -- Hor, pe[n]sat'al mio mal qual esse deue / Iuo de vento -- Veramente in amore si proua ogni dolore / Philip. de monte -- Elles'en va de moy la mieulx aymée / Orlandus -- Madonna se volete del mio fidel seruir / Hieron. Vespa -- Madonna poi ch'vccider mi volete / Luca Marenz --
=505  0\$aO quam gloriosam et regnu[m] in quo cum Christo / Lodovvicus à Victoria -- Domine non sum dignus (secunda pars: Miserere mei quoniam infirmus sum) / Idem. -- Laudate Dominum Laudate omnes gentes / Bernardin Mosto -- Gustate & videte quaoniam suauis est (secunda pars: Diuites eguerunt & esurierunt) / Orlandus Lassus -- Ogni vita mi spiace / Lodoviccus Torti -- Dal primo giorn'ahime / Idem -- Vaghe bellezze e bionde treccie d'oro / Idem -- De le vostre sciocchezze ama[n]t'io / Gaspar Costa -- Assai promette chi n'attende / Idem -- La venenosa vita e'l fiero sguar / Idem -- Se del mar si seccasser tutte l'onde / Idem -- Crudel lascio sto cor / Idem -- O chiome rilucenti piu che l'oro / Idem -- Amor è fatto apunto come il mare / Idem -- Vdite noui amanti quel ch'amore / Idem -- Fuggirò si lontan da voi mio sole / Paulo Bellasio -- Fugit'amore o voi che don amate / Giou: Dominico danola -- Non può sentir diletto / Gio Giac: Gastoldi -- Lieto cantai Mentr'io mi vissi in pace / Caesar Borgo -- La gratia la beltade l'amor / Idem -- Ahi filli anima mia / Gio Giac: Gastoldi -- S'in fede del mio amore / Idem -- Ahi che mi tien'il core / Idem -- Mentre scherzaua clori col suo fillen / Idem -- No si sa dimm'vn poco / Ioannin Fauereo -- Madonna di cucagná / Idem -- Gut Singer und ein Organist / Leonardus Lechnerus -- Adonis zart allzeit im leben / Idem -- Cosa non vada più come solea / Orazio Vecchi -- Occhi riden ti io moro / Idem -- Mentr'io campai contento (Riposte: Mentr'io vißa in dolore) / Idem -- O tu che vai per via / Idem -- Il cor che mi rubasti / Idem -- Lucilla io vo morire / Idem -- Cor mio se per dolore / Idem -- Dormiua amor in mezzo del mio core / Ferabosco -- O Monti ò fiumi ò seliue ò piagge / Idem -- Che giouarebbe liauer / Idem -- Danzar vid'io tra vaghe Ninfe in schlera / Idem --
=510  4\$aGodelieve Spiessens, 'Adrian Denss, een Duits luitcomponist van Antwerpse komaf (Antwerpen, ca. 1545? - Keulen?, 1596/1608)', Revue belge de Musicologie / Belgisch Tijdschrift voor Muziekwetenschap 51 (1997),$cpp. 81-99.
=510  4\$aRISM B/I,$c1594 ¹⁹
=650  \0$aIntabulations (Lute)
=650  \0$aLute music.
=650  \0$aVocal music.
=700  1\$aBellasio, Paolo,$d1554-1594,$ecomposer.
=700  1\$aBorgo, Cesare,$d-1623,$ecomposer.
=700  1\$aCosta, Gasparo,$dactive 1580-1590,$ecomposer.
=700  1\$aDenss, Adrian,$dactive 16th century,$earranger.
=700  1\$aDonato, Baldassare,$d-1603,$ecomposer.
=700  1\$aFavereo, Joannin,$dactive approximately 1590-1610,$ecomposer.
=700  1\$aFerrabosco, Alfonso,$d1543-1588,$ecomposer.
=700  1\$aGabrieli, Andrea,$dapproximately 1533-1585,$ecomposer.
=700  1\$aGastoldi, Giovanni Giacomo,$dactive 1582-1609,$ecomposer.
=700  1\$aGrevenbroich, Gerhard,$dactive 1583-1633,$eprinter.
=700  1\$aHassler, Hans Leo,$d1564-1612,$ecomposer.
=700  1\$aHuet, Gregorio,$dapproximately 1550-approximately 1616,$ecomposer.
=700  1\$aLasso, Orlando di,$d1532-1594,$ecomposer.
=700  1\$aLechner, Leonhard,$d-1606,$ecomposer.
=700  1\$aManderscheid-Blankenheim, Arnold von,$cCount,$d1546-1614,$ededicatee.
=700  1\$aMarenzio, Luca,$d1553-1599,$ecomposer.
=700  1\$aMontbuisson, Victor de,$dapproximately 1575-$ecomposer.
=700  1\$aMonte, Philippe de,$d1521-1603,$ecomposer.
=700  1\$aMosto, Bernardino,$ecomposer.
=700  1\$aNanino, Giovanni Maria,$d1543 or 1544-1607,$ecomposer.
=700  1\$aNola, Gian Domenico del Giovane da,$d-1592,$ecomposer.
=700  1\$aRenaldi, Giulio,$d-before 1576,$ecomposer.
=700  1\$aRiccio, Teodoro,$dapproximately 1540-approximately 1600,$ecomposer.
=700  1\$aTort, Ludovico,$d1547-d. after 1615-$ecomposer.
=700  1\$aVecchi, Orazio,$d1550-1605,$ecomposer.
=700  1\$aVento, Ivo de,$dapproximately 1540-1575,$ecomposer.
=700  1\$aVespa, Geronimo,$dapproximately 1540-$ecomposer.
=700  1\$aVictoria, Tomás Luis de,$dapproximately 1548-1611,$ecomposer.
=752  \\$aGermany$dCologne.$2lcsh/naf
=856  41$uhttp://purl.org/rism/BI/1594/19$yDigitised score
=859  \\$aXLD$bDCW
=852  4\$cDRT$jDigital Store K.3.m.20.$aBritish Library$bMUSIC
=985  \\$aRecord amended for WR# 13/070
=985  \\$aname title to add
=985  \\$aCorrected by MS generated file for WR# 1805-0738
=CAT  \\$aBATCH-DCW$b00$c20171218$lBLL01$h0202
=CAT  \\$a1805-0738$c20190111$lBLL01$h1808
=CAT  \\$a1805-0738$b00$c20190111$lBLL01$h1828
=CAT  \\$aMFISHER$b40$c20230922$lBLL01$h1055
=FIN  \\$aY$d20171218
=LKR  \\$aPAR$lBLL01$r776$b004301962$mFlorilegium omnis fere generis cantionum suauissimarum ad testudinis tabulaturam accommodatarum, longe iucundissimum. In quo praeter fantasias lepidissimas /$nFlorilegium omnis fere generis cantionum suauissimarum ad testudinis tabulaturam accommodatarum, longe iucundissimum. In quo praeter fantasias lepidissimas /
=DGM  \\$a004301962$bCatBridge variable field
=DRT  \\$aDCW
=SRC  \\$aDCW$bDCW_20171217
=OHC  \\$a1
=LAS  \\$aMFISHER$b40$c20230922$lBLL01$h1055

