=LDR  04745 cm a2200757 a 4500
=001  018649577
=003  Uk
=005  20171218020206.0
=007  cr\mn\024mpada
=008  930316s1597\\\\it\||z\\s\\\\\\\\\\\zxx\\
=FMT  \\$a  MU
=019  d\$acj03680001
=040  \\$aUk$beng$cUk
=041  \\$aita
=042  \\$aukblsr
=082  14$a780$215
=100  1\$aDiruta, Girolamo,$dactive 1574-1609.
=245  13$aIl Transilvano :$bdialogo sopra il vero modo di sonar organi, & istromenti da penna /$cdel R.P. Girolamo Diruta, Perugino ... con le toccate di diversi eccellenti organisti, poste nel fine del libro : opera nuovamente ritrovata.
=264  \1$aIn Venetia :$bAppresso Giacomo Vincenti,$cMDXCVII [1597]
=300  \\$a64 pages of music ;$c32 x 23 cm (folio)
=336  \\$anotated music$2rdacontent
=337  \\$acomputer$2rdamedia
=338  \\$aonline$2rdacarrier
=340  \\$mfolio$2rdabf
=500  \\$aA letter by Diruta's teacher Claudio Merulo is printed on p. 4.
=500  \\$aAn organ treatise with a collection of organ toccatas.
=500  \\$aCopy at K.8.h.22. Digitised score at http://purl.org/rism/BI/1597/25.$5Uk
=500  \\$aCopy at K.8.h.22. Original foliation: [1-2], 3-64 p.; paper dimensions: 315 x 210 mm; p. 21 erroneously numbered p. 19.$5Uk
=500  \\$aIncorrect attribution on page 31 to Andrea Gabrieli.
=500  \\$aTranscribed title page: IL / TRANSILVANO / DIALOGO / SOPRA IL VERO MODO DI SONAR / Organi, & istromenti da penna. / DEL R. P. GIROLAMO DIRVTA / PERVGINO, / Dell'Ordine de' Frati Minori Conu. di S. Francesco. / ORGANISTA DEL DVOMO / DI CHIOGGIA. / Nel quale facilmente, & presto s'impara di conoscere sopra la Tasta- / tura il luogo di ciascuna parte, & come nel Diminuire si deueno / portar le mani, & il modo d'intendere la Intauolatura; prouando / la verità, & necessità delle sue Regole, con le Toccate di diuersi / eccellenti Organisti, poste nel fine del Libro. / Opera nuouamente ritrouata, Utilissima, & necessaria / a Professori d'Organo. / AL SERENISSIMO PRENCIPE / di Transiluania. / CON PRIVILEGIO. / In Venetia, Appresso Giacomo Vincenti. M.D.XCVII.
=500  \\$aWith table of contents at the end.
=505  0\$aToccata di grado del primo tuono / Girolamo Diruta -- Toccata di salto buono del secondo tuono / Girolamo Diruta -- [Toccata] di salto cativo del sesto tuono / Girolamo Diruta -- Toccata del terzo tuon / Claudio Merulo -- Toccata del sesto tuono / Andrea Gabrieli -- Toccata del secondo tuono / Giovanni Gabrieli -- Toccata del quarto tuono / Luzzasco Luzzaschi -- [Toccata] dell'ottauo tuono / Antonio Romanini -- Toccata dell'ottavo tuono / Paulo Quagliati -- [Toccata del primo tuono] / Vicenzo Bell'Hauer -- Toccata del secondo tuono / Gioseffo Guami -- Toccata del X tuono / Andrea Gabrieli -- Toccata del XI. et XII. Tuono / Girolamo Diruta.
=510  4\$aRISM B/I,$c1597 ²⁵
=650  \0$aOrgan music.
=650  \0$aOrgan$vMethods.
=650  \0$aToccatas.
=700  0\$aBáthory Zsigmond,$cPrince of Transylvania,$d1572-1613,$ededicatee.
=700  1\$aBell'haver, Vincenzo,$d1530-1587,$ecomposer.
=700  1\$aGabrieli, Andrea,$dapproximately 1533-1585,$ecomposer.
=700  1\$aGabrieli, Giovanni,$dapproximately 1554-1612,$ecomposer.
=700  1\$aGuami, Gioseffo,$d1542-1611,$ecomposer.
=700  1\$aJósika, István,$einterlocutor in treatise.
=700  1\$aLuzzaschi, Luzzasco,$d-1607,$ecomposer.
=700  1\$aMerulo, Claudio,$d1533-1604,$ecomposer.
=700  1\$aMerulo, Claudio,$d1533-1604,$ewriter of letter appended to the preface.
=700  1\$aQuagliati, Paolo,$dapproximately 1555-1628,$ecomposer.
=700  1\$aRomanini, Antonio,$dactive 16th century,$ecomposer.
=700  1\$aVincenti, Giacomo,$d-1619,$eprinter.
=710  2\$aGiacomo Vincenti (Firm),$eprinter.
=752  \\$aItaly$dVenice.$2lcsh/naf
=856  41$uhttp://purl.org/rism/BI/1597/25$yDigitised score
=859  \\$aXLD$bDCW
=852  4\$cDRT$jDigital Store K.8.h.22.$aBritish Library$bMUSIC
=985  \\$aRecord amended for WR# 13/070
=985  \\$aname title to add
=985  \\$aCorrected by MS generated file for WR# 1805-0738
=CAT  \\$aBATCH-DCW$b00$c20171218$lBLL01$h0202
=CAT  \\$a1805-0738$c20190111$lBLL01$h1808
=CAT  \\$a1805-0738$b00$c20190111$lBLL01$h1828
=FIN  \\$aY$d20171218
=LKR  \\$aPAR$lBLL01$r776$b004307097$mIl Transilvano : dialogo sopra il vero modo di sonar organi, & istromenti da penna /$nIl Transilvano : dialogo sopra il vero modo di sonar organi, & istromenti da penna /
=DGM  \\$a004307097$bCatBridge variable field
=DRT  \\$aDCW
=SRC  \\$aDCW$bDCW_20171217
=OHC  \\$a1
=LAS  \\$a1805-0738$b00$c20190111$lBLL01$h1828

