=LDR  05215 cm a22006377  4500
=001  018649578
=003  Uk
=005  20171218020206.0
=007  cr\mn\024mpada
=008  930316s1558\\\\it\||z\\s\\\\\\\|\\\ita\\
=FMT  \\$a  MU
=019  d\$acj09940003
=019  d\$acj09940004
=040  \\$aUk$beng$cUk
=042  \\$aukblsr
=082  14$a780$215
=100  1\$aDonato, Baldassare,$d-1603,$ecomposer.
=240  10$aIl primo libro di canzon
=245  10$aDi Baldassara Donato il primo libro di canzon villanesche alla napolitana a quatro voci novamente ristampate :$bAggiontoui anchora alcune vilotte di perissone [Cambio] a quatro con la canzon della gallina. A quatro voci.
=264  \1$aIn Venetia :$bApresso di Antonio Gardane,$c1558.
=300  \\$a4 part books ;$c16 x 21 cm (oblong 4º)
=336  \\$anotated music$2rdacontent
=337  \\$acomputer$2rdamedia
=338  \\$aonline$2rdacarrier
=340  \\$m4to$2rdabf
=500  \\$aCollection of villanelle in four parts (SATB).
=500  \\$aCopy at K.3.l.7. Cantus (14 leaves), Altus (14 leaves), Tenor (14 leaves), Bassus (14 leaves); original pagination: Cantus: [i], 1-26, [27], Altus: [i], 1-26, [27], Tenor: [i], 1-26, [27], Bassus: [i], 1-26, [27]; paper dimensions: 147 x 193 mm.$5Uk
=500  \\$aCopy at K.3.l.7. Digitised score at http://purl.org/rism/BI/1558/15.$5Uk
=500  \\$aSame contents as in RISM B/I 1551 ¹³ and 1556 ²⁵. Most of the pieces had first appeared in RISM B/I 1550 ²⁰ (detailed account in Lewis: Antonio Gardano, no. 148).
=500  \\$aTranscribed title page from cantus part book: DI BALDASSARA DONATO / IL PRIMO LIBRO DI CANZON / Villanesche alla Napolitana A quatro Voci Nouamente Ristampate. / Aggiontoui anchora alcune Villote di Perissone a quatro Con la Canzon della Gallina. / A QVATRO VOCI / In Venetia Apresso di / Antonio Gardane. / 1558.
=505  0\$aOcchi lucenti assai piu che le stelle / Baldassara Donato -- Se pur ti guardo dolce anima mia -- La Canzon della Gallina. E qua[n]do ha fatto l'ouo la mattina / Tiberio Fabrianese -- Zuccharo porti dentro assa buccuccia / Perissone -- Se sai ch'io t'amo & piu che me t'honoro / Baldassara Donato -- No pulice m'entrato nell'orecchia / Baldassara Donato -- O quant'amore sempre t'ho portato / Baldassara Donato -- O dolce uita mia non mi far guerra / Baldassara Donato -- Non t'ho possuto mai donna mostrare / Baldassara Donato -- Ho na doglia nel core che m'atterra / Baldassara Donato -- Credime uita mia credime questo / Baldassara Donato -- E tu faccia che nascesti a darmi pena / Baldassara Donato -- Chi la gagliarda donne uo imparare / Baldassara Donato -- Guarda sciagura ch'haggio con l'amore / Baldassara Donato -- Te parlo tu me ridi / Baldassara Donato -- Tu mi farai morir ch'io men aueggio / Baldassara Donato -- Madonn'io son constretto / Baldassara Donato -- Quanto debb'allegrarse la natura / Baldassara Donato -- Piu leggiadr'e piu bella donna / Baldassara Donato -- Chi dira mai ch'in donna sia fermezza / Baldassara Donato -- Mill'anni sono ch'io non t'haggio uista -- Tutta saressi bella donna mia / Baldassara Donato -- Vaghi pensier che cosi passo passo / Baldassara Donato -- Se mai fu crud'a miei dolci pensieri / Baldassara Donato -- Io non trouo me stesso stella del ciel / Baldassara Donato -- Baciami uita mia baciami anchora / Baldassara Donato -- Quatro Dee che'l mond'honora / Baldassara Donato -- Gloriosa felice alma Vinegia -- Viua sempr'in ogni etate / Baldassara Donato.
=510  4\$aM.S. Lewis: Antonio Gardano, Venetian Music Printer 1538-1569: a Descriptive Bibliography and Historical Study (New York, 1988-97),$cno. 239.
=510  4\$aRISM B/I,$c1558 ¹⁵
=546  \\$aItalian words.
=700  1\$aCambio, Perissone,$dactive 16th century,$ecomposer.
=700  1\$aFabrianese, Tiberio,$dactive early 16th century-$ecomposer.
=700  1\$aGardane, Antonio,$d1509-1569,$eprinter.
=710  2\$aGardane (Firm)
=752  \\$aItaly$dVenice.$2lcsh/naf
=856  41$uhttp://purl.org/rism/BI/1558/15$yDigitised score
=859  \\$aXLD$bDCW
=852  4\$cDRT$jDigital Store K.3.l.7.$aBritish Library$bMUSIC
=985  \\$aEarly Music Online project
=985  \\$aRecord amended for WR# 13/070
=985  \\$aname title to add
=985  \\$aCorrected by MS generated file for WR# 1805-0738
=CAT  \\$aBATCH-DCW$b00$c20171218$lBLL01$h0202
=CAT  \\$a1805-0738$c20190111$lBLL01$h1808
=CAT  \\$a1805-0738$b00$c20190111$lBLL01$h1828
=FIN  \\$aY$d20171218
=LKR  \\$aPAR$lBLL01$r776$b004309200$mDi Baldassara Donato il primo libro di canzon villanesche alla napolitana a quatro voci novamente ristampate : Aggiontoui anchora alcune vilotte di perissone [Cambio] a quatro con la canzon della gallina. A quatro voci.$nDi Baldassara Donato il primo libro di canzon villanesche alla napolitana a quatro voci novamente ristampate : Aggiontoui anchora alcune vilotte di perissone [Cambio] a quatro con la canzon della gallina. A quatro voci.
=DGM  \\$a004309200$bCatBridge variable field
=DRT  \\$aDCW
=SRC  \\$aDCW$bDCW_20171217
=OHC  \\$a2
=LAS  \\$a1805-0738$b00$c20190111$lBLL01$h1828

