=LDR  04515 cm a22006977  4500
=001  018649579
=003  Uk
=005  20171218020206.0
=007  cr\mn\024mpada
=008  930317s1591\\\\it\||z\\s\\\\\\\\\\\ita\\
=FMT  \\$a  MU
=019  d\$ada16260001
=040  \\$aUk$beng$cUk
=041  \\$aita
=042  \\$aukblsr
=082  14$a780$215
=100  1\$aFelis, Stefano,$dapproximately 1550-approximately 1603.
=240  10$aMadrigali et dialogo
=245  13$aIl sesto libro de madrigali à cinque voci, con alcuni a sei, et un dialogo à sette nel fine /$cdi Stefano Felis da Bari, maestro di capella del Domo di Napoli, novamente composti, & dati in luce.
=264  \1$aIn Venetia :$bAppresso l'Herede di G. Scotto. Ad istanzia de Scipione Rizzo,$cMDXCI [1591]
=300  \\$a5 part books ;$c20 x 16 cm (4º)
=336  \\$anotated music$2rdacontent
=337  \\$acomputer$2rdamedia
=338  \\$aonline$2rdacarrier
=340  \\$m4to$2rdabf
=500  \\$aCollection of madrigals for 5-7 voices (SATB5) by Stefano Felis unless otherwise stated.
=500  \\$aCopy at K.4.c.8. CANTO (12 leaves) ALTO (12 leaves) TENORE (12 leaves) BASSO (12 leaves) QVINTO (12 leaves); original foliation: Canto: [1-2], 3-23-[24] p. Alto: [1-2], 3-24 p. Tenore: [1-2], 3-24 p. Basso: [1-2], 3-23-[24] p. Quinto: [1-2], 3-24 p.; paper dimensions: 198 x 150 mm.$5Uk
=500  \\$aCopy at K.4.c.8. Digitised score at http://purl.org/rism/BI/1591/18.$5Uk
=500  \\$aTitle from Canto part book.
=500  \\$aTranscribed title page from Canto part book: DI STEFANO FELIS / DA BARI / MAESTRO DI CAPPELLA / DEL DOMO DI NAPOLI. / IL SESTO LIBRO / De Madrigali à Cinque voci, con alcuni a Sei, / Et vn dialogo à Sette nel fine. / Nouamente composti, & dati in luce. / IN VENETIA, MDXCI. / Appresso l'Herede di Girolamo Scotto. / Ad istantia de Scipione Rizzo Napolitano al segno del Giesu.
=500  \\$aWith a dedication in Italian addressed to Ettore Caracciolo.
=500  \\$aWith an alphabetical list of contents.
=505  0\$aLunge da voi ben mio -- Lunge da voi, mio caro -- Tu perfido Signor, tu disleale -- Ninfe, [ch'adorne il sen di candide] -- Al discioglier d'un groppo Mille al cor / Filippo di Monte [alto part book] -- Voi sete bella, ma fugace (seconda parte: Voi sete bella, ma si dura) (terza parte: Voi sete bella, ma fallace) (quarta parte: Voi sete bella, ma sdegnosa) -- Cantai un tempo e se fu dolce il canto [seconda parte] Misero, che speraua esser in via / Rocco Rodio -- Io no posso giore Lunge da voi -- Gia non son'io contento Lunge da voi -- Amor chè quel ch'io miro Da bei raggi del sol / Scipione Dentice -- Forse è cagion l'Aurora Di questo bel concento -- Caro amoroso Neo (seconda parte: Forse del ciel le stelle) / Mutio Affrem da Bari -- Siepe, che gli horti uaghi -- Sarai termine ancora Come de passi miei -- Disse [al leggiadro Alessi] a6 -- Amor s'è posto in mezo a suoi begli occhi a6 -- Caronte voltami il tuo legno a7.
=510  4\$aA. Noe, Die Präsenz der romanischen Literaturen in der 1655 verkauften Fuggerbibliothek (Amsterdam, 1994), pp. 75-76.
=510  4\$aRISM B/I,$c1591 ¹⁸
=546  \\$aItalian words.
=650  \0$aMadrigals, Italian.
=700  1\$aCaracciolo, Ettore,$ededicatee.
=700  1\$aDentice, Scipione,$d1560-1635,$ecomposer.
=700  1\$aEffrem, Mutio,$ecomposer.
=700  1\$aMonte, Philippe de,$d1521-1603,$ecomposer.
=700  1\$aRiccio, Scipione,$eeditor.
=700  1\$aRodio, Rocco,$dactive 1550-1600,$ecomposer.
=700  1\$aScotto, Melchiorre,$eprinter.
=752  \\$aItaly$dVenice.$2lcsh/naf
=856  41$uhttp://purl.org/rism/BI/1591/18$yDigitised score
=859  \\$aXLD$bDCW
=852  4\$cDRT$jDigital Store K.4.c.8.$aBritish Library$bMUSIC
=985  \\$aRecord amended for WR# 13/070
=985  \\$aname title to add
=985  \\$aCorrected by MS generated file for WR# 1805-0738
=CAT  \\$aBATCH-DCW$b00$c20171218$lBLL01$h0202
=CAT  \\$a1805-0738$c20190111$lBLL01$h1808
=CAT  \\$a1805-0738$b00$c20190111$lBLL01$h1828
=FIN  \\$aY$d20171218
=LKR  \\$aPAR$lBLL01$r776$b004334061$mIl sesto libro de madrigali à cinque voci, con alcuni a sei, et un dialogo à sette nel fine /$nIl sesto libro de madrigali à cinque voci, con alcuni a sei, et un dialogo à sette nel fine /
=DGM  \\$a004334061$bCatBridge variable field
=DRT  \\$aDCW
=SRC  \\$aDCW$bDCW_20171217
=OHC  \\$a1
=LAS  \\$a1805-0738$b00$c20190111$lBLL01$h1828

