=LDR  10340 cm a22009497  4500
=001  018649580
=003  Uk
=005  20171218020207.0
=007  cr\mn\024mpada
=008  930317s1549\\\\gw\||z\\s\\\\\\\\\\\ger\\
=FMT  \\$a  MU
=019  d\$adc17850004
=040  \\$aUk$beng$cUk
=041  \\$ager
=042  \\$aukblsr
=082  14$a780$215
=130  0\$aFrische teutsche Liedlein.$n1. Teil.
=245  10$aEin aussbund schöner Teutscher Liedlein :$bzu singen, vnd auff allerley Instrument, zugebrauchen, sonderlich ausserlesen.
=246  1\$iTranscribed title page from altus part book:$aAltus / des aussbunds schöner Teutscher / Liedlein, zusingen, und auff allerley / Instrumenten zugebrauchen, sonderlich ausserlesen. / Der Alt gehört Jung gesellen zu / Die lauffen auff und ab on rhu / Also ist auch des Altes weiss / Drum lernet mich mit allem Fleiys. / Nürmberg. / M.D.XLIX.
=246  1\$iTranscribed title page from discantus part book:$aDISCANTVS / Des aussbunds schöner Teutscher / Liedlein, zu singen, und auff allerley Instru= / ment zugebrauchen, sonderlich ausserlesen. / Ir Kneblin und ir Meidlein rein / Ewer stimlein schallen also fein / Den Discant lernent unbeschwert / Kein ander stim[me] euch zu gehört. / Nürmberg. / M.D.XLIX.
=246  1\$iTranscribed title page from tenor part book:$aEin aussbund schöner Teutscher / Liedlein, zu singen, und auff allerley Instru= / ment, zugebrauchen, sonderlich ausserlesen. / 1546 / TENOR / des ersten Teyls. / Mein art und weyss in mittel mass / Gen andern stim[m]en ist mein strass / Die habent acht auff meine stim[m] / Den Men[n]ern ich für andern zim[m]. / Gedrückt zu Nürmberck, durch Johan[n] vom Berg / Und Ulrich Newber. M.D.XLIX.
=264  \1$a[Nuremberg] :$bGedrückt zu Nürmberck durch Johan [n] vom Berg, vnd Ulrich Newber,$c1549.
=300  \\$a4 part books ;$c15 x 20 cm (oblong 4º)
=336  \\$anotated music$2rdacontent
=337  \\$acomputer$2rdamedia
=338  \\$aonline$2rdacarrier
=340  \\$m4to$2rdabf
=500  \\$aCollection of German secular and sacred songs in four parts.
=500  \\$aCopy at K.3.g.4. DISCANTVS (68 leaves), ALTVS (68 leaves), TENOR (81 leaves), BASSVS (68 leaves); paper dimensions: 135 x 180 mm.$5Uk
=500  \\$aCopy at K.3.g.4. Digitised score at http://purl.org/rism/BI/1549/35.$5Uk
=500  \\$aIn bassus book songs 71-76 appear in reverse order (68, 69, 70, 75, 76, 73, 74, 71, 72, 77, 78, 79, etc).
=500  \\$aTranscribed title page from bassus part book: BASSVS / Des ausszugs schönen alter / und newer Teutscher Liedlein. / Mein ampte ist im nidern stat / Drumb wer ein bstanden alter hat / Und brommet wie ein rauber Ber / Der kom[mt] zu meiner stimme her. / Nürmberg. / M.D.XLIX.
=500  \\$aWith a preface by Georg Forster.
=500  \\$aWith table of contents dividing songs alphabetically.
=505  0\$aAch B. nit brich -- Ach höchster hort / Lauren. Lemlin -- Freud ich offt mach -- Sie ist der art / Henr. Eitelwein -- Nit lang an einem dantz / Mart. Wolff. -- Tag [und] nacht ich ficht / Laur. Lemlin -- Mag ich hertz lieb / Ludo. Senfl -- Entlaubet ist der walde / Thomas Stoltzer -- Ach meidlein rein / Wolff Grefinger -- Hertz liebstes bild / Paulus Hoffheymer -- Man sicht nu wol -- Irs gleichen lebt auff erden / Thomas Stoltzer -- Wol kombt der mey / Wolff Grefinger -- Vil freud nert mich zu aller stund -- Freundlicher gruss mit puss -- Man sicht nun wol / Thomas Stoltzer -- Aus gru[n]d verwund -- Nun grüss dich got / Sixtus Dietrich -- Unfal wil yetzund / Martinus Wolff -- Ge[e] wie es wol / Martinus Wolff -- Freuntliche zir thu gegen mir / Martinus Wolff -- Erst wirt erfreut / Thomas Stoltzer -- In liebes bru[n]st -- Freuntlicher gruss zu aller stund -- Mein hertz hat sich mit lieb verpflichtet -- Kein ding auff erd -- Es müt vil leut die peut / Thomas Stoltzer -- Erkennen thut mein traurigs gmüt / H. Isaac -- Nun grüss dich Gott / Sixtus Dietrich -- Ach unfal gross / Mar. Wolff -- Ich klag und rew / Paulus Hoffheymer -- Mein gmüt und blüt / M. Johan Wenck -- Vil hass un[d] neid / Mart. Wolff -- Kuntschafft mit dir / Paulus Hoffheymer -- Ich setz dahin hertz und mut / Mart. Wolff -- Des spilens ich gar kein glück / Laur. Lemlin -- Jetz manche[n] tag / Jo. Leonhardi -- Meins traure[n]s ist / Paulus Hoffheymer -- Elend bringt pein / Benedictus Ducis -- Mich jam[m]ert sehr / Laur. Lemlin -- Ein A. freuntlich schön und lieblich / G. Forst. -- Von hertze[n] gern / Lauren. Lemlin -- Es lebt mein hertz / Erasmus Lapicida -- Ach lieb mit leid / Paulus Hoffheymer -- Schwer langweilig ist mir / Wolff Grefinger -- Es ist gemacht / W. Grefinger -- Elend ich rieff / Arnolt von Bruck -- Ey wie so gar -- Mag ich unglück nit widerstan / Lud. Senfl -- Was ist die Welt / Ludo. Senfl --
=505  0\$aDich als mich selbst -- Die mich erfrewt / Erasmus Lapicida -- Es ist ein frag / Laur. Lemlin -- Wer edel ist zu diser frist / Steffanus Mahu -- Es dringt doher / Thomas Stoltzer -- Erweckt hat mir das hertz / G. Forsterus -- Ach hertzigs hertz mei[n] schmertz -- So ich hertz lieb nu vo[n] dir scheid / Ludouicus Senfl -- Glück widerstel / G. Forsterus -- Ich weiss ein hübsches frewlein / Es hat sein gstalt -- J.L. Blanckmüller / An dich auff erd -- Mein höchste zir ich hab mich dir -- Ach höchste zir auf al mein gir -- Vergange[n] ist mir glück un[d] heil / G. Forsterus -- Ich habs gewagt hertz -- Eyniges hertz lass sein ein schertz -- Ich stel leicht ab / Wolffg. Gräfinger -- On ehr un[d] gunst / G. Forsterus -- Gesell wiss urlaub / Matthias Eckel Gar wunderlich -- Fraw ich bin euch -- Artlich und schon / Casparus Bohemus -- Was wirt es doch / Lud. Senfl -- Ein meidlein sagt mir freu[n]tlich zu -- Merck scheidens klag / J. Blanckmüller -- Ein beumlein zart / Laurentius Lemlin -- Ich armer klag / Laur. Lemlin -- Mein einigs A. / Paulus Hoffheymer -- Zucht ehr un[d] lob / Paulus Hoffheymer -- Wen[n] ich betracht -- Ein wechter gut in seiner hut -- Ich klag den tag -- Wie kombts d[as] mich / Jo. Leonhardt -- Von edler art / Georgius Schönfelder -- Isbruck ich muss dich lassen / H. Isaac -- Ach edles N. / Erasmus Lapicida -- Als ich hab vernommen -- Ich unfals neid / Martinus Wolff -- Ich bin versagt -- Glück mit der zeit / Martinus Wolff -- Willig und trew / G. Forsterus -- Nach willen dein / Paulus Hoffheymer -- Der hu[n]d mir vor dem liecht -- Ach höchster hort du edles blut -- Mit allem sin ich behafft / Heinricus Eitelwein -- Der mey wil sich / Laur. Lemlin -- Was nit sol sein / Rupertus Unterholtzer -- Ich hab heimlich ergebe[n] / Paulus Hoffheymer -- Mars dein gefert / Johan. Frosch -- Mag ich unglück / Casparus Bohemus -- Mocht ich gunst han -- Vergebens ist al müh / Martin. Wolff --
=505  0\$aPacientia muss ich han / Ludouicus Senfl -- Mein fleiss und müe / Ludo. Senfl -- Ich weiss nit wie ichs halten sol -- Er[e]n werd auff erd -- O Weiblich art / Heinricus Isaac -- Nie grösser lieb mir zu handen / Erasmus Lapicida -- Sey klug mit fug / Johannes Fuchswild -- Mass zucht verstand / Ludo. Senfl -- Erstliche klag für ich all tag / Lauren. Lemlin -- Mag ich zuflucht / Gregorius Pitschner -- Kein freud auff erd / G. Forsterus -- Gut ding muss haben weil / Erasmus Lapicida -- Ich gwarts noch gut / Lauren. Lemlin -- Ach edler hort / Paulus Hoffheymer -- Ich beut dir da / Mar. Wolff -- Wem gelt gebrist -- Dieweil um[b]sonst / G. Forsterus -- Ich rew und klag -- Ich hoff es sey / Erasmus Lapicida -- Tröstlicher lieb stetz ich mich / Paulus Hoffheymer -- Mich wundert ser -- Mit wille[n] gern -- Ach hertzigs M. -- O hertzigs S. / Erasmus Lapicida -- Oft wünsch ich jr / Georgius Botsch -- Wer sehe dich / Machinger / So wünsch ich jr / Mar. Wolff.
=510  4\$aRISM B/I,$c1549 ³⁵
=546  \\$aGerman words.
=650  \0$aPart songs$y16th century
=650  \0$aSacred vocal music$vParts
=700  1\$aBlanckenmüller, Georg,$d1480-1500-$ecomposer.
=700  1\$aBruck, Arnold von,$d1500?-1554,$ecomposer.
=700  1\$aDietrich, Sixtus,$dapproximately 1493-1548,$ecomposer.
=700  1\$aDucis, Benedictus,$dapproximately 1490-1544,$ecomposer.
=700  1\$aEckel, Matthias,$dactive early 16th century,$ecomposer.
=700  1\$aForster, Georg,$dapproximately 1510-1568,$ecomposer.
=700  1\$aFrosch, Johann,$ecomposer.
=700  1\$aFuchswild, Johannes,$ecomposer.
=700  1\$aGrefinger, Wolfgang,$dapproximately 1475-$ecomposer.
=700  1\$aHofhaimer, Paul,$d1459-1537,$ecomposer.
=700  1\$aIsaac, Heinrich,$dapproximately 1450-1517,$ecomposer.
=700  1\$aLapicida, Erasmus,$d-1547,$ecomposer.
=700  1\$aLemlin, Lorenz,$dapproximately 1495-$ecomposer.
=700  1\$aMahu, Stephan,$d-1541?,$ecomposer.
=700  1\$aNeuber, Ulrich,$d-1571,$eprinter.
=700  1\$aPeschin, Gregor,$dapproximately 1500-$ecomposer.
=700  1\$aSchönfelder, Jörg,$ecomposer.
=700  1\$aSenfl, Ludwig,$dapproximately 1486-1542 or 1543,$ecomposer.
=700  1\$aStoltzer, Thomas,$d-1526,$ecomposer.
=700  1\$aUnterholtzer, Rupert,$dc1505-10; d after 1542-$ecomposer.
=700  1\$aVom Berg, Johann,$d-1563,$eprinter.
=700  1\$aWolff, Martin,$d-before 6 March 1502,$ecomposer.
=752  \\$aGermany$dNuremberg$2lcsh/naf
=856  41$uhttp://purl.org/rism/BI/1549/35$yDigitised score
=859  \\$aXLD$bDCW
=852  4\$cDRT$jDigital Store K.3.g.4.$aBritish Library$bMUSIC
=985  \\$aEarly Music Online project
=985  \\$aRecord amended for WR# 13/070
=985  \\$aname title to add
=985  \\$aCorrected by MS generated file for WR# 1805-0738
=CAT  \\$aBATCH-DCW$b00$c20171218$lBLL01$h0202
=CAT  \\$a1805-0738$c20190111$lBLL01$h1808
=CAT  \\$a1805-0738$b00$c20190111$lBLL01$h1828
=CAT  \\$a11814$b40$c20190815$lBLL01$h1121
=FIN  \\$aY$d20171218
=LKR  \\$aPAR$lBLL01$r776$b004341744$mEin aussbund schöner Teutscher Liedlein : zu singen, vnd auff allerley Instrument, zugebrauchen, sonderlich ausserlesen.$nEin aussbund schöner Teutscher Liedlein : zu singen, vnd auff allerley Instrument, zugebrauchen, sonderlich ausserlesen.
=DGM  \\$a004341744$bCatBridge variable field
=DRT  \\$aDCW
=SRC  \\$aDCW$bDCW_20171217
=OHC  \\$a1
=LAS  \\$a11814$b40$c20190815$lBLL01$h1121

