=LDR  07233 cm a22007937  4500
=001  018649581
=003  Uk
=005  20171218020207.0
=007  cr\mn\024mpada
=008  930317s1549\\\\gw\||z\\s\\\\\\\|\\\ger\\
=FMT  \\$a  MU
=019  d\$adc17850006
=040  \\$aUk$beng$cUk
=042  \\$aukblsr
=082  14$a780$215
=130  0\$aFrische teutsche Liedlein.$n2. Teil.
=245  14$aDes andern theyls, viler kurtzweyliger frischer Teutscher Liedlein :$bzu singen, sehr lustig, mit etlichen newen Liedlein gemehret.
=264  \1$aNürmberg :$bGedruckt zu Nürmberg, durch Johann vom berg, unnd Ulrich Newber,$cMDXLIX [1549]
=300  \\$a4 part books ;$c15 x 20 cm (oblong 4º)
=336  \\$anotated music$2rdacontent
=337  \\$acomputer$2rdamedia
=338  \\$aonline$2rdacarrier
=340  \\$m4to$2rdabf
=500  \\$aCollection of German songs in four parts with table of contents. All in four parts except for 'Der gutzgauch auff dem zaune sass' which is in six parts. The discantus book contains the music for Discantus, Secundus discantus, and Tertius discantus. 'So trincken wir alle' is in five parts, although the discantus book contains only the discantus part. The fifth voice is presumably in one of the other books.
=500  \\$aCopy at K.3.g.5. Digitised score at http://purl.org/rism/BI/1549/36.$5Uk
=500  \\$aCopy at K.3.g.5. Discantus (119 unnumbered pages); paper dimensions: 136 x 186 mm.$5Uk
=500  \\$aPublisher from colophon.
=500  \\$aThe composers named are: Sampson, E. Forsterus, J. Leonhard, H. Teugling, M. Greytter, W. Heyntz, J. Schechinger, L. Lemlin, L. Senflius, N. Piltz, Arnoldus, G. Vogelhuber, S. Dietrich, L. Heidenhammer, S. Zirlerus and G. Othmayr.
=500  \\$aTranscribed title page from discantus part book: DISCANTVS / Des andern theyls, viler kurtz= / weyliger frischer Teutscher Liedlein, zu sin= / gen, sehr lustig, mit etlichen Newen Liedlein gemehret. / Jr Kneblin vnd ir Meidlein rein / Ewer stimlein schallen also fein / Den Discant lernet vnbeschwert / Kein ander stim[m] euch zu gehört. / Nürmberg. / M.D.XLIX.
=505  0\$aEin meidlein zu dem brunnen gieng / Ludo. Senfl -- Ich bit dich meidlein -- Ein glesslein mit külen wein / G. Vogelhuber -- Eo gratissimum -- Von üppigklichen dingen -- Wo sol ich mich hinkeren -- Ein glesslein mit külen wein / G. Vogelhuber -- Da liebers kam was leyder auss -- Der winter kalt ist vor dem haus (Elsslein hol der bule mein) -- Ich kam für liebes fensterlein (secunda pars: Sie lieber gesel) -- Nur nerrisch sein / Sixtus Dietreich -- Der Ludel vnd der Hensel / L. Heidenhamer -- Traut Marle -- Was Entelein was genselein / G.F. -- Ein alt man wolt sich frewe[n] -- Ich armes Meidlein klag mich ser -- Vnd wöl v[nd] w[öl] -- Wie ku[m]bts d[ass] ich so / G.F. -- Tret herzu jr lieben gsellen -- In Martini festo soln wir alle frölich seyn -- Wem wöl wir disen rebner bringen / S. Zirlerus -- Aber wolt jr mit mir reitten / Stef. Zirlerus -- Sie nein ich förcht / S. Zerlerus -- Es giengen drey pauwrn -- Drey laub auff einer linden / J. Leonhard -- Das ist gar wol erbawet / G. Othmayr -- Zwey brüder zogen auss / G.F.
=505  0\$aEs sout ein meisskin / Sampson -- Sant Mertin wöllen loben wir -- Hoho lieber Hans / G. Forsterus -- Martinus non pusillus (secunda pars: Kumbt jr lieben gesellen) -- Nun zu disen zeyten (secunda pars: Martine lieber Herre mein) -- Den besten vogel den ich waiss (secund pars: Ein gans gesoten) -- Presulem sanctissimum -- Es giengen neun Junckfrawen / Johan. Idonhard -- Ich hab ein gute feiste ganss -- Es jagt ein Jeger -- Nun ist es doch kein reuter / Hans Teugling -- O Werder zeit -- Fur al ich krön -- Lieblich hat sich -- Es rit ein Jeger -- Der Ziegler in der Hütten sass / G. Forsterus -- Es wolt ein Jeger jagen / Matthias Greytter -- Wol auff gut gsel von hinnen -- So hab ich doch -- Wir zogen in das feld -- Gar hoch auff jhenem berge / Wolff Heyntz -- Vnd da ich sass -- Es wolt ein medlein wasser holn / J. Schechinger -- Es heidri hut / Matthias Greitter -- Es hat ein biderman -- Ic[h] weet ein Vrouken -- Ick seg adiu -- Der erst thet mir wincken -- Der gutzgauch auff dem zaune sass / L. Lemlin -- So trincken wir alle -- Wol auff Jung vnd alt (secunda pars: Wuff, do laufft der edel Hirsch daher) (tertia pars: Wuff, do laufft der edel Hirsch daher) -- Es wolt ein fraw / L. Senflius -- Ich klag mich serr -- [Trit auff] Den rigel von der thür -- Zu Regenspurg hat es sich verkert -- Ist keiner hie der spricht zu mir (secunda pars: Meinlein daherein weinlein) -- Die weiber mit den flöhen / Niclas Piltz -- Bummelirstu mir -- Wol in sant Mertens -- Martine lieber herre mein -- So trincken wir alle -- Der Pfarrher von sant Veyt -- Do truncken sie die liebe lange nacht / Wolff Heintz -- Es wolt ein meidlein grasen gan -- Im meyen hört man / L. Senflius -- Gut Henichen auff dem scheiter weg sass -- Es gieng ein Landssknecht über feld -- Si[c]h hat ein newe sach / L.S. -- Es warb ein schöner jüngling -- Es was einmal ein stoltzer knab -- Der heilig her sant Mattheis / G.F. --
=510  4\$aRISM B/I,$c1549 ³⁶
=546  \\$aGerman words.
=650  \0$aPart songs, German.
=700  1\$aDietrich, Sixtus,$dapproximately 1493-1548,$ecomposer.
=700  1\$aForster, Georg,$dapproximately 1510-1568,$ecomposer.
=700  1\$aGreiter, Matthias,$dapproximately 1495-1550,$ecomposer.
=700  1\$aHeidenhamer, L.,$ecomposer.
=700  1\$aHeintz, Wolff,$d-approximately 1552,$ecomposer.
=700  1\$aLemlin, Lorenz,$dapproximately 1495-$ecomposer.
=700  1\$aLeonhard, J.,$ecomposer.
=700  1\$aNeuber, Ulrich,$d-1571,$eprinter.
=700  1\$aOthmayr, Caspar,$d1515-1553,$ecomposer.
=700  1\$aPiltz, N.,$ecomposer.
=700  1\$aSampson,$dactive 1516,$ecomposer.
=700  1\$aSchachinger, Johann,$d1485, d ?1558-$ecomposer.
=700  1\$aSenfl, Ludwig,$dapproximately 1486-1542 or 1543,$ecomposer.
=700  1\$aTeugling, H.,$ecomposer.
=700  1\$aVogelhuber, G.,$ecomposer.
=700  1\$aVom Berg, Johann,$d-1563,$eprinter.
=700  1\$aZirler, Stephan,$dapproximately 1520-1568,$ecomposer.
=752  \\$aGermany$dNuremberg.$2lcsh/naf
=856  41$uhttp://purl.org/rism/BI/1549/36$yDigitised score
=859  \\$aXLD$bDCW
=852  4\$cDRT$jDigital Store K.3.g.5.$aBritish Library$bMUSIC
=985  \\$aEarly Music Online project
=985  \\$aRecord amended for WR# 13/070
=985  \\$aname title to add
=985  \\$aCorrected by MS generated file for WR# 1805-0738
=CAT  \\$aBATCH-DCW$b00$c20171218$lBLL01$h0202
=CAT  \\$a1805-0738$c20190111$lBLL01$h1808
=CAT  \\$a1805-0738$b00$c20190111$lBLL01$h1828
=FIN  \\$aY$d20171218
=LKR  \\$aPAR$lBLL01$r776$b004341746$mDes andern theyls, viler kurtzweyliger frischer Teutscher Liedlein : zu singen, sehr lustig, mit etlichen newen Liedlein gemehret.$nDes andern theyls, viler kurtzweyliger frischer Teutscher Liedlein : zu singen, sehr lustig, mit etlichen newen Liedlein gemehret.
=DGM  \\$a004341746$bCatBridge variable field
=DRT  \\$aDCW
=SRC  \\$aDCW$bDCW_20171217
=OHC  \\$a1
=LAS  \\$a1805-0738$b00$c20190111$lBLL01$h1828

