=LDR  08510 cm a22007817  4500
=001  018649582
=003  Uk
=005  20171218020207.0
=007  cr\mn\024mpada
=008  930317s1549\\\\gw\||z\\s\\\\\\\|\\\ger\\
=FMT  \\$a  MU
=019  d\$adc17850009
=040  \\$aUk$beng$cUk
=041  \\$ager$gger
=042  \\$aukblsr
=082  14$a780$215
=130  0\$aFrische teutsche Liedlein.$n3. Teil.
=245  14$aDer dritte teyl, schöner, lieblicher, alter, und newer teutscher Liedlein :$bnicht allein zu singen, sonder auch auff allerley Instrumenten zu brauchen, sehr dienstlich, und ausserlesen, und vormals nie gesehen.
=264  \1$aNürmberg :$bGedruckt durch Johan [n] vom berg, und Ulrich Newber,$cMDXLIX [1549]
=300  \\$a4 part books ;$c14 x 19 cm (oblong 4º)
=336  \\$anotated music$2rdacontent
=337  \\$acomputer$2rdamedia
=338  \\$aonline$2rdacarrier
=340  \\$m4to$2rdabf
=500  \\$a'Was hab ich thun' is attributed to 'H. Lautensack' in the altus and bassus part books. 'Ach got wie wehe thut' is attributed to Caspar Othmayr in the bassus part book.
=500  \\$aCollection of 80 German songs in four parts (SATB) with a preface and dedication in the tenor part book. The bassus part book contains a table of contents and instructions to the singer (both in German) in the colophon.
=500  \\$aCopy at K.3.g.6. Digitised score at http://purl.org/rism/BI/1549/37.$5Uk
=500  \\$aCopy at K.3.g.6. Discantus (44 leaves), Altus (43 leaves), Tenor (71 leaves), Bassus (43 leaves); paper dimensions: 137 x 181 mm.$5Uk
=500  \\$aPublisher from colophon in discantus part book.
=500  \\$aTranscribed title page from altus part book: ALTVS / Des dritten theyls, vier schöner / Teutscher Liedlein, zu singen, vnd auff allerley / Instrumenten zugebrauchen, sonderlich ausserlesen. / Der Alt gehört Jung gsellen zu / Die lauffen auff vnd ab on rhw / Also ist auch des Altes weiss / Drumb lernet mich mit allem fleiss. / Nürmberg. / M.D.XLIX.
=500  \\$aTranscribed title page from bassus part book: BASSVS / Des dritten theyls, vier schöner / Teutscher Liedlein, zu singen, vnd auff allerley / Instrumenten zugebrauchen, sonderlich ausserlesen. / Mein ampte ist im nidern stat / Drumb wer ein bstanden alter hat / Vnd brommet wie ein rauber Ber / Der komme zu meiner stimme her. / Nürmberg. / M.D.XLIX.
=500  \\$aTranscribed title page from discantus part book: DISCANTVS / Des dritten theyls, vier schöner / Teutscher Liedlein, zu singen, vnd auff allerley / Instrumenten zugebrauchen, sonderlich ausserlesen. / Jr Kneblin vnd jr Meidlein rein / Ewer stimlein schallen also fein / Den Discant lernent unbeschwert / Kein ander stim[me] euch zu gehört. / Nürmberg. / M.D.XLIX.
=500  \\$aTranscribed title page from tenor part book: Der dritte teyl, schöner, lieblicher, / alter, vnd newer Teutscher Liedlein, nicht allein zu sin / gen, sonder auch auff allerley Instrumenten zu brauchen, sehr / dienstlich, vnd ausserlesen, vnd vormals nie gesehen. / 1546 / TENOR / Nürmberg. / M.D.XLIX.
=505  0\$aEin gsellschaft gut / J.V.Brant -- Ach Gott wie wüt / G. Müller -- Der winter kalt ist vor dem hauss / G. Othmayr -- Ich armes keutzlein kleine / Ludo. Senfl -- Entlaubet ist uns der walde / G. Oth. -- Wach auff mein hott / Steff. Zyrlerus -- Mein freunlichs B / G.F. -- Hertz liebster man / G. Forsterus -- Ich schwing mein horn / L.S. -- Ich bin ein weissgerber genant / G.F. -- Ich armes keutzlein kleine / J.V. Brant -- Trost über trost -- Aus herten weh / S. Zirlerus -- Het scheydens ich nit / Steff. Zyrlerus -- Ein adlich frucht in diser zucht / J.V.B. -- Ach meydlein fein / G. Forsterus -- Ach got wie wehe thut / G. Forsterus -- Der mon der steht am höchsten / G. Ottmayr -- Wie schön blüt uns der meyen / G. Othmayr -- Mein selbst bin ich nit gwaltig mer / L. Senfl -- In freude[n] frey / Jo. Frosch -- Freundtlicher helt hat dich erwelt / Ludo. Senfl -- Im bad wol wir recht frölich sein / Ludo. Senfl -- Es hilfft mich nit / Steffanus Zyrlerus -- Ker wider glück mit freuden -- Mar wie du wilt / J.V. Brant -- Met mir ein espes zweiglein / G. Othmayr -- Vor zeiten was ich lieb und werd / G. Forsterus -- Ich kam für einr fraw wirtin hauss / G Othmayr -- Mit lust thet ich aussreiten / G Forsterus -- Ich armes meidlein klag mich sehr / Ludo. Senfl -- Ich armes meidlein klag mich sehr / G. Othmay. -- Es naht sich gege[n] dem som[m]er / G. Othmayr -- Freundtlicher helt dich hat erwelt -- Wol auff gut gsel von hin[n]en / Joa. Leonhar. de Langenaw -- Mein alter ma[n] -- Hertz liebster wei[n] / G. Forsterus -- Gut gsellen vn[d] auch külen wein -- Was leit mir dran / G.F. -- Vrsach thut vil / G. Forsterus -- [Ich junger man] Was hab ich thu[n] / G.F. -- Die son[ne] die ist verblichen / Stepha. Zyrlerus -- Ich hoff es sey / J.V.B. -- Ach hertigs E / Steffa. Zyrlerus -- Der wei[n] schmeckt wol / G. Othmayr -- Mancher jetzund nach adel strebt -- Nit la[n]g es ist / Jo. V. B. --
=505  0\$aOb mich gross vnfal schwerlich truckt / Jo. V. Brant -- Wer leyd gedult / Georg Blanckmüller -- Mein junge zeyt -- Wens müt der fress / G. Forsterus -- Man singt von schönen frawen vil / G. Oth. -- Man singt von schönen frawen vil / Steffa. Zyrlerus -- Wiewol vil herter orden seint / G. Forsterus -- Nach lust het ich mir ausserwelt / G. Forsterus -- In deutschem land was etwas schand / G. Forsterus -- Wo ich mit leib nit kom[m]en mag / G. Forsterus -- Lust freud thet mich vmbgeben gar / L. Lemblin -- Ach meidlein fein / G. Forsterus -- Ich soll und muss ein bulen haben / G. Othmayr -- Ich hört ein frewlein klagen / G. Oth. -- Ich armer gsel / Steffa. Zyrlerus -- Ich arme metz / Jodo. de Brant -- Ich armes keutzlein kleine / G. Othmayr -- Wolauf gut gsel vo[n] hin[n]e[n] / G. Othmayr -- Nun schürtz dich meidlein / G. Othmayr -- Sie ist mein trost / Steffa. Zyrlerus -- Mir ist ein schönss braunss meidlein / G. Oth. -- Wach auff mein hort / G. Othmayr -- Ich armer knab / G. Forsterus -- Hor merck mei[n] klag -- Es jagt ein jeger wolgemut / G. Oth. -- Verlorner dienst der sint gar vil / G. Forsterus -- Drey laub auff einer [linden] / J.V. Brant -- Ich armer boss bin gantz verirt / G. Othmayr -- Was zeigstu mich -- Was sterblich zeit mir freuden geit / Laur. Lemlin -- Von gotes gnad wart in den tod / G. Forsterus -- Elend bringt pein / Ludo. Senfl -- Frisch auff in Gottes namen / J.V. Brant.
=510  4\$aRISM B/I,$c1549 ³⁷
=546  \\$aGerman words.
=650  \0$aPart songs, German.
=700  1\$aBlanckenmüller, Georg,$d1480-1500-$ecomposer.
=700  1\$aBrandt, Jobst vom,$d1517-1570,$ecomposer,$ededicatee.
=700  1\$aForster, Georg,$dapproximately 1510-1568,$ecomposer.
=700  1\$aFrosch, Johann,$ecomposer.
=700  1\$aLangenau, Johann Leonhard von,$dactive 16th century,$ecomposer.
=700  1\$aLautensack, H.,$ecomposer.
=700  1\$aLemlin, Lorenz,$dapproximately 1495-$ecomposer.
=700  1\$aNeuber, Ulrich,$d-1571,$eprinter.
=700  1\$aOthmayr, Caspar,$d1515-1553,$ecomposer.
=700  1\$aSenfl, Ludwig,$dapproximately 1486-1542 or 1543,$ecomposer.
=700  1\$aVom Berg, Johann,$d-1563,$eprinter.
=700  1\$aZirler, Stephan,$dapproximately 1520-1568,$ecomposer.
=752  \\$aGermany$dNuremberg.$2lcsh/naf
=856  41$uhttp://purl.org/rism/BI/1549/37$yDigitised score
=859  \\$aXLD$bDCW
=852  4\$cDRT$jDigital Store K.3.g.6.$aBritish Library$bMUSIC
=985  \\$aEarly Music Online project
=985  \\$aRecord amended for WR# 13/070
=985  \\$aname title to add
=985  \\$aCorrected by MS generated file for WR# 1805-0738
=CAT  \\$aBATCH-DCW$b00$c20171218$lBLL01$h0202
=CAT  \\$a1805-0738$c20190111$lBLL01$h1808
=CAT  \\$a1805-0738$b00$c20190111$lBLL01$h1828
=FIN  \\$aY$d20171218
=LKR  \\$aPAR$lBLL01$r776$b004341748$mDer dritte teyl, schöner, lieblicher, alter, und newer teutscher Liedlein : nicht allein zu singen, sonder auch auff allerley Instrumenten zu brauchen, sehr dienstlich, und ausserlesen, und vormals nie gesehen.$nDer dritte teyl, schöner, lieblicher, alter, und newer teutscher Liedlein : nicht allein zu singen, sonder auch auff allerley Instrumenten zu brauchen, sehr dienstlich, und ausserlesen, und vormals nie gesehen.
=DGM  \\$a004341748$bCatBridge variable field
=DRT  \\$aDCW
=SRC  \\$aDCW$bDCW_20171217
=OHC  \\$a1
=LAS  \\$a1805-0738$b00$c20190111$lBLL01$h1828

