=LDR  05413ccm a22008177  4500
=001  018649583
=003  Uk
=005  20230126163237.0
=007  cr\mn\024mpada
=008  930317s1549\\\\it\||z\\s\\\\\\\\\\\lat\\
=FMT  \\$a  MU
=019  d\$add22670002
=040  \\$aUk$beng$cUk
=041  \\$alat
=042  \\$aukblsr
=082  14$a780$215
=245  00$aExcellentiss autorum diuerse modulationes$bque sub titulo fructus vagantur per orbem /$cab Antonio Gardane nuper recognite. Liber primus cum quatuor vocibus.
=264  \1$aVenetijs :$bApud Antonium Gardane,$c1549.
=300  \\$a4 part books ;$c16 x 22 cm (oblong 4º)
=336  \\$anotated music$2rdacontent
=337  \\$acomputer$2rdamedia
=338  \\$aonline$2rdacarrier
=340  \\$m4to$2rdabf
=490  0\$aMotetti del frutto
=500  \\$aCollection of motets in four parts (SATB) with table of contents ('Index Motectorum'). It belongs to the series of 'Motetti del frutto'.
=500  \\$aCopy at K.4.c.11. Digitised score at http://purl.org/rism/BI/1549/10.$5Uk
=500  \\$aCopy at K.4.c.11. Superius (20 leaves), Altus (20 leaves), Tenor (20 leaves), Bassus (20 leaves); original pagination: Superius [1-2], 3-39, [40] Altus [1-2], 3-39, [40] Tenor [1-2], 3-39, [40] Bassus [1-2], 3-39, [40]; paper dimensions: 150 x 210 mm.$5Uk
=500  \\$aReprint of RISM B/I 1539/13.
=500  \\$aTranscribed title page from superius part book: EXCELENTISS. AVTORVM / DIVERSE MODVLATIONES QVE SVB / Titulo Fructus Vagantur per orbem, ab Antonio Gardane / Nuper recognite. / LIBER PRIMVS / CVM QVATOR VOCIBUS / Venetijs Apud / Antonium Gardane. / 1549.
=505  0\$aIn illo tempore (secunda pars: Dicebant ergo) / Iachet -- Qui seminant in lachrimis (secunda pars: Qui parce seminant) / N. GOMBERT -- Alma redemptoris mater (secunda pars: Tu que genuisti) / Leretier -- Thomas unus de duodecim (secunda pars: Et post dies octo) / MESTRE IHAN -- Cenantibus illis accepit Iesus (secunda pars: Dixerunt uiri tabernaculi mei) / IAQVES DV PONT -- Dum transisset sabbatum (secunda pars: Et ualde mane) / ALART -- Cerne meos ergo gemitus / MESTRE IHAN -- Benedictus dominus deus israel (secunda pars: Honor uirtus & potestas / LVPI -- In te domini speraui (secunda pars: Quoniam fortitudo mea) / VERDELOT -- Congratulamini mihi omnes (secunda pars: Recedentibus discipulis) / LASSON -- Domine exaltetur manus tua (secunda pars: Possederunt nos domine) / ARCHADELT -- Natiuitas tua dei genitrix / JAHAN DV BILLON -- Maria uirgo uirginum / ANTONIVS GARDANE -- Non turbetur cor uestrum (secunda pars: Ego rogabo patrem meum) / GOSE -- Sancta Maria succurre miseris / VERDELOT -- Beata es uirgo Maria / LERETIER -- Lectio actuum apostolorum (secunda pars: Surrexerunt autem quidam) / GVARNIER -- Que est ista que progreditur / LOYSET PIETON -- Virga iesse floruit / DO. FINOT -- Sub tuum presidium / CERTON -- Congratulamini mihi omnes / CLAVDIN -- Ave uirgo gloriosa / LERETIER -- Asce[n]de[n]s christus in altu[m] (secunda pars: Ascendo ad patre[m] meu[m] / LERETIER -- Spem in alium / IACHET.
=510  4\$aM.S. Lewis: Antonio Gardano, Venetian Music Printer 1538-1569: a Descriptive Bibliography and Historical Study (New York, 1988-97),$cno.142.
=510  4\$aRISM B/I,$c1549 ¹⁰
=546  \\$aLatin words.
=650  \0$aMotets.
=700  0\$aJacquet,$cof Mantua,$d1483-1559,$ecomposer.
=700  0\$aMaistre Jhan,$dapproximately 1485-1538,$ecomposer.
=700  1\$aAlart,$ecomposer.
=700  1\$aArcadelt, Jacob,$dapproximately 1505-1568,$ecomposer.
=700  1\$aBillon, Jhan de,$dactive 1534-1556,$ecomposer.
=700  1\$aCerton, Pierre,$d-1572,$ecomposer.
=700  1\$aGardane, Antonio,$d1509-1569,$eprinter,$ecomposer.
=700  1\$aGarnier,$dactive 1538-42,$ecomposer.
=700  1\$aGombert, Nicolas,$dactive 16th century,$ecomposer.
=700  1\$aGosse,$cMaistre,$dactive 1520-1565,$ecomposer.
=700  1\$aLasson, Mathieu,$dapproximately 1500-1553,$ecomposer.
=700  1\$aLhéritier, Jean,$ecomposer.
=700  1\$aLupi, Johannes,$d-1539,$ecomposer.
=700  1\$aPhinot, Dominique,$dapproximately 1510-approximately 1555,$ecomposer.
=700  1\$aPiéton, Loyset,$ecomposer.
=700  1\$aPonte, Giaches de,$dactive 16th century,$ecomposer.
=700  1\$aSermisy, Claudin de,$dapproximately 1490-1562,$ecomposer.
=700  1\$aVerdelot, Philippe,$d-approximately 1565,$ecomposer.
=752  \\$aItaly$dVenice.$2lcsh/naf
=830  \0$aMotteti del frutto
=856  41$uhttp://purl.org/rism/BI/1549/10$yDigitised score
=859  \\$aXLD$bDCW
=852  4\$cDRT$jDigital Store K.4.c.11.$aBritish Library$bMUSIC
=985  \\$aRecord amended for WR# 13/070
=985  \\$aname title to add
=985  \\$aCorrected by MS generated file for WR# 1805-0738
=CAT  \\$aBATCH-DCW$b00$c20171218$lBLL01$h0202
=CAT  \\$a1805-0738$c20190111$lBLL01$h1808
=CAT  \\$a1805-0738$b00$c20190111$lBLL01$h1828
=CAT  \\$aMFISHER$b40$c20230126$lBLL01$h1632
=FIN  \\$aY$d20171218
=LKR  \\$aPAR$lBLL01$r776$b004351553$mExcellentiss autorum diuerse modulationes que sub titulo fructus vagantur per orbem /$nExcellentiss autorum diuerse modulationes que sub titulo fructus vagantur per orbem /
=DGM  \\$a004351553$bCatBridge variable field
=DRT  \\$aDCW
=SRC  \\$aDCW$bDCW_20171217
=OHC  \\$a1
=LAS  \\$aMFISHER$b40$c20230126$lBLL01$h1632

