=LDR  05635ccm a22007577  4500
=001  018649584
=003  Uk
=005  20230512160231.0
=007  cr\mn\024mpada
=008  930317s1559\\\\it\||z\\s\\\\\\\\\\\ita\\
=FMT  \\$a  MU
=019  d\$add22680001
=040  \\$aUk$beng$cUk
=041  \\$aita
=042  \\$aukblsr
=082  14$a780$215
=245  00$aMusica di Tredici autori illustri a cinque voci /$cper Angelo Gardano raccolta & data in luce, & di novo ristampata. Nella quale si contengono i piu belli madrigali; che hoggidi si cantino; delli infra scritti autori. C. de Rore. G. Palestina. A. Striggio. A. Padoano. C. Merulo da Correg. A. Gabrieli. B. Spontone. C. Porta. B. Donato. O. di Lassus. G. L. Vuert. P. de Monte. G. M. Nanino.
=264  \1$aIn Venetia :$bAppresso Angelo Gardano,$cMDLXXXIX [1589]
=300  \\$a5 part books ;$c22 x 17 cm (4º)
=336  \\$anotated music$2rdacontent
=337  \\$acomputer$2rdamedia
=338  \\$aonline$2rdacarrier
=340  \\$m4to$2rdabf
=500  \\$aCollection of madrigals in five parts, with table of contents in alphabetical order at the end.
=500  \\$aCopy at K.3.g.11. CANTO (16 leaves), ALTO (16 leaves), TENORE (16 leaves), BASSO (16 leaves), QVINTO (16 leaves); original pagination: Canto: [i], 1-2, 2-30, Alto: [i], 1-2, 2-30, Tenore: [i], 1-2, 2-30, Basso: [i], 1-2, 2-30, Quinto: [i], 1-2, 2-30; paper dimensions: 214 x 160 mm.$5Uk
=500  \\$aCopy at K.3.g.11. Digitised score at http://purl.org/rism/BI/1589/6.$5Uk
=500  \\$aReprint of RISM B/I 1576/5.
=500  \\$aTranscribed title page from canto part book: MVSICA DI TREDECI / AVTORI ILLVSTRI / A CINQVE VOCI, / Per Angelo Gardano Raccolta & data in luce, & di nouo Ristampata, / Nella quale si contengono i piu belli Madrigali; che / hoggidi si cantino; delli infrascritti Autori. / CIPRIANO DE RORE. / Gianetto Palestina. Constantio Porta / Alessandro Striggio. Baldessara Donato. / Annibale Padoano Orlando Di Lassus. / Claudio Merulo da Correg. Giaches de Vuert. / Andrea Gabrieli. Filippo de Monte. / Bartolomeo Spontone. Gio: Maria Nanino. / CON PRIVILEGIO. / In Venetia Appresso Angelo Gardano / M. D. LXXXIX.
=505  0\$aSpirto Real poi che Real pensiero / ANNIBALE Padoano -- Chi no'l sa di ch'io vivo / Orlando di Lassus -- D'un si bel foco (seconda parte: Scorgo tant'alto il lume) / Giaches Vuert -- Scopriro l'ardor mio (seconda parte: Se voi sete il mio sol) / Gio. Maria Nanino -- Io no[n] potria goder giogia perfetta / Claudio Merulo da Correggio -- Gia verde e forte errando vissi (seconda parte: Nel fin degl'anni miei) / Filippo de Monte -- Mentre nel piu felice (seconda parte: Poiche ti piac' amor) / Alessandro Striggio -- Rimanti amor in sempitern'oblio / Andrea Gabrieli -- Perch'al viso d'amor / Filippo de Monte -- Madonna'l dolce riso (seconda parte: Poi del mio stato accorta) / Bartolomeo Spontone -- Verrà mai'l dì che mia pace (seconda parte: Ma i che dolermi piu) / Constantio Porta -- Deh perche morte mia (seconda parte: Da voi nasce il mio ben) / Claudio Merulo da Correggio -- Piangi pur Musa ogn'hor (seconda parte: Che tal hor rende) / Andrea Gabrieli -- Misera che farò / Orlando di Lassus -- Che val peregrinar / Baldessara Donato -- Le vagherbett'e l'amorose fronde / Alessandro Striggio -- Che giova dunque / Cipriano de Rore -- Alme gentili che nel ciel / Cipriano de Rore -- Caro dolce be[n] mio / Andrea Gabrieli -- Placide l'acque / Gianetto Palestina -- Soave fia'l morir / Gianetto Palestina.
=510  4\$aA. Einstein, 'Bibliography of Italian Secular Vocal Music Printed between the Years 1500-1700, by Emil Vogel' (Ninth Installment), Notes, 4-3 (1947), 301-16,$cno. 1589/3.
=510  4\$aRISM B/I,$c1589 ⁶
=546  \\$aItalian words.
=650  \0$aMadrigals, Italian.
=700  0\$aAnnibale,$d1527-1575$cPadovano,$ecomposer.
=700  1\$aDonato, Baldassare,$d-1603,$ecomposer.
=700  1\$aGabrieli, Andrea,$dapproximately 1533-1585,$ecomposer.
=700  1\$aGardano, Angelo,$d1540-1611,$eprinter.
=700  1\$aLasso, Orlando di,$d1532-1594,$ecomposer.
=700  1\$aMerulo, Claudio,$d1533-1604,$ecomposer.
=700  1\$aMonte, Philippe de,$d1521-1603,$ecomposer.
=700  1\$aNanino, Giovanni Maria,$d1543 or 1544-1607,$ecomposer.
=700  1\$aPalestrina, Giovanni Pierluigi da,$d1525?-1594,$ecomposer.
=700  1\$aPorta, Costanzo,$d1528 or 1529-1601,$ecomposer.
=700  1\$aRore, Cipriano de,$d1515 or 1516-1565,$ecomposer.
=700  1\$aSpontone, Bartolomeo,$d1530-1592,$ecomposer.
=700  1\$aStriggio, Alessandro,$d1536 or 1537-1592,$ecomposer.
=700  1\$aWert, Giaches de,$d1535-1596,$ecomposer.
=752  \\$aItaly$dVenice.$2lcsh/naf
=856  41$uhttp://purl.org/rism/BI/1589/6$yDigitised score
=859  \\$aXLD$bDCW
=852  4\$cDRT$jDigital Store K.3.g.11.$aBritish Library$bMUSIC
=985  \\$aRecord amended for WR# 13/070
=985  \\$aname title to add
=985  \\$aCorrected by MS generated file for WR# 1805-0738
=CAT  \\$aBATCH-DCW$b00$c20171218$lBLL01$h0202
=CAT  \\$a14843$b40$c20180716$lBLL01$h1407
=CAT  \\$a1805-0738$c20190111$lBLL01$h1808
=CAT  \\$a1805-0738$b00$c20190111$lBLL01$h1828
=CAT  \\$aMFISHER$b40$c20230512$lBLL01$h1602
=FIN  \\$aY$d20171218
=LKR  \\$aPAR$lBLL01$r776$b004351556$mMusica di Tredici autori illustri a cinque voci /$nMusica di Tredici autori illustri a cinque voci /
=DGM  \\$a004351556$bCatBridge variable field
=DRT  \\$aDCW
=SRC  \\$aDCW$bDCW_20171217
=OHC  \\$a1
=LAS  \\$aMFISHER$b40$c20230512$lBLL01$h1602

