=LDR  05166 cm a2200781 a 4500
=001  018649585
=003  Uk
=005  20171218020207.0
=007  cr\mn\024mpada
=008  930317s1547\\\\it\||z\\s\\\\\\\\\\\zxx\\
=FMT  \\$a  MU
=019  d\$ade15510002
=040  \\$aUk$beng$cUk
=041  \\$alat
=042  \\$aukblsr
=082  14$a780$215
=100  10$aGintzler, Simon.
=240  10$aIntabolatura de lauto
=245  10$aIntabolatura de lauto.$nLibro primo :$bde recercari, motetti, madrigali et canzon Francese : novamente posta in luce /$cdi Simon Gintzler, musico del reverendissimo Cardinale di Trento.
=264  \1$aIn Venetia :$bApresso di Antonio Gardane,$cMDXLVII [1547]
=300  \\$a[120] pages of music ;$c16 x 22 cm (oblong 4º)
=336  \\$anotated music$2rdacontent
=337  \\$acomputer$2rdamedia
=338  \\$aonline$2rdacarrier
=340  \\$m4to$2rdabf
=500  \\$aCopy at K.4.d.1. 60 leaves; original foliation; paper dimensions: 152 x 210 mm.$5Uk
=500  \\$aCopy at K.4.d.1. Digitised score at http://purl.org/rism/BI/1547/22.$5Uk
=500  \\$aIncludes works for lute by Gintzler and intabulations by Gintzler of secular and sacred vocal works by other composers.
=500  \\$aTranscribed title page: INTABOLATVRA / DE LAVTO / DI SIMON GINTZLER MVSICO /Del Reuerendissimo Cardinale di Trento, De Recercari Motetti Madrigali / Et Canzon Francese Nouamente posta in luce. / LIBRO PRIMO / In Venetia Apresso di / Antonio Gardane. / M. D. XLVII.
=500  \\$aWith table of contents, separating ricercars, motets, madrigals and chansons.
=505  0\$aRecercar primo / Simon Gintzler -- Recercar segondo / [Simon Gintzler] -- Recercar terzo / [Simon Gintzler] -- Recercar quarto / [Simon Gintzler] -- Recercar quinto / [Simon Gintzler] -- Recercar sexto / [Simon Gintzler] -- Pater noster / Iosquin -- Ave Maria / Iosquin -- Benedicta est (Secu[n]da pars: Duo) (Tertia pars: nunc mater) / Iosquin -- Sancta Maria / Verdelot -- Prete rerum (Secu[n]da pars: Virtus Sa[n]cti spiritus) / Iosquin -- Circundederunt me / Iosquin -- Descendi in ortum meum / Iachet -- Stabat mater (secunda pars) / Iosquin -- Vita in ligno moritur / Ludo. Seufl -- Aspice Domine / Iachet -- Tua est potentia / Moton -- Ne proijcias nos / Adriano -- Gaudent in celis / Archadelt -- Magnum hereditatis / Adriano -- Benedictus dominus deus Israel (secunda pars: Honor uirtus) / Lupus -- Puer qui natus est / Iachet -- Sancte paule apostole / Adriano -- Deus canticu[m] novu[m] / Lupus -- Domine Deus omnipotens / Archadelt -- Madonna s'íl morire / Verdelot -- Donna si fiera stella / Verdelot -- Occhi miei lassi / Archadelt -- O s'io potessi donna / Iachet Berche[m] -- Lasciar il uelo / Archadelt -- Il ciel che rado / Archadelt -- Iay veu que iestois / Sandrin -- Ce qui est plus e[n] ce mo[n]de / Sandrin -- Veu le grief mal / Villiers -- Mais pour quoy / Sandrin -- Si de beau / Sandrin -- Dames / Sandrin.
=510  4\$aH. M. Brown, Instrumental music printed before 1600: a bibliography (Cambridge, MA, 1965),$c1547/3
=510  4\$aM.S. Lewis: Antonio Gardano, Venetian music printer 1538-1569: a descriptive bibliography and historical study (New York, 1988-97),$cno. 108
=510  4\$aRISM B/I,$c1547 ²²
=650  \0$aCanons, fugues, etc. (Lute)
=650  \0$aIntabulations (Lute)
=650  \0$aLute music.
=650  \0$aMadrigals$vInstrumental settings.
=700  0\$aJosquin,$cdes Prez,$d-1521,$ecomposer.
=700  0\$aLupus,$dactive 1518-1530,$ecomposer.
=700  0\$aSandrin,$dactive 1538-1561,$ecomposer.
=700  1\$aArcadelt, Jacob,$dapproximately 1505-1568,$ecomposer.
=700  1\$aBerchem, Jachet de,$dactive 16th century,$ecomposer.
=700  1\$aGardane, Alessandro,$dactive 1575-1591,$eprinter.
=700  1\$aMadruzzo, Cristoforo,$d1512-1578,$ededicatee.
=700  1\$aMouton, Jean,$d-1522,$ecomposer.
=700  1\$aSenfl, Ludwig,$dapproximately 1486-1542 or 1543,$ecomposer.
=700  1\$aVerdelot, Philippe,$d-approximately 1565,$ecomposer.
=700  1\$aVilliers, Pierre de,$dactive 16th century,$ecomposer.
=700  1\$aWillaert, Adrian,$d1490?-1562,$ecomposer.
=710  2\$aGardane (Firm),$eprinter.
=752  \\$aItaly$dVenice.$2lcsh/naf
=856  41$uhttp://purl.org/rism/BI/1547/22$yDigitised score
=859  \\$aXLD$bDCW
=852  4\$cDRT$jDigital Store K.4.d.1.$aBritish Library$bMUSIC
=985  \\$aRecord amended for WR# 13/070
=985  \\$aname title to add; check heading for Lupus
=985  \\$aCorrected by MS generated file for WR# 1805-0738
=CAT  \\$aBATCH-DCW$b00$c20171218$lBLL01$h0202
=CAT  \\$a1805-0738$c20190111$lBLL01$h1808
=CAT  \\$a1805-0738$b00$c20190111$lBLL01$h1828
=FIN  \\$aY$d20171218
=LKR  \\$aPAR$lBLL01$r776$b004360609$mIntabolatura de lauto. de recercari, motetti, madrigali et canzon Francese : novamente posta in luce /$nIntabolatura de lauto. de recercari, motetti, madrigali et canzon Francese : novamente posta in luce /
=DGM  \\$a004360609$bCatBridge variable field
=DRT  \\$aDCW
=SRC  \\$aDCW$bDCW_20171217
=OHC  \\$a1
=LAS  \\$a1805-0738$b00$c20190111$lBLL01$h1828

