=LDR  06985 cm a2200937 a 4500
=001  018649586
=003  Uk
=005  20171218020207.0
=007  cr\mn\024mpada
=008  930322s1591\\\\gw\||z\\s\\\\\\\\\\\lat\\
=FMT  \\$a  MU
=019  d\$aeg17160007
=040  \\$aUk$beng$cUk
=041  \\$alat
=042  \\$aukblsr
=082  14$a780$215
=245  00$aMagnificat, Beatissimae Deiparaeque Virginis Mariae canticum :$bquinque et quatuor vocibus : secundum octo vulgares musicae modos /$ca diversis nostrae aetatis musicis compositum & ad Dei opt. max. laudem & ecclesiae decus nuperrime in lucem editum, opera & studio Friderici Lindneri.
=264  \1$aNoribergae :$bIn officina musica Catharinae Gerlachiae,$cMDXCI [1591]
=300  \\$a5 part books ;$c34 cm (folio)
=336  \\$anotated music$2rdacontent
=337  \\$acomputer$2rdamedia
=338  \\$aonline$2rdacarrier
=340  \\$mfolio$2rdabf
=500  \\$aCollection of 3 motets in 5-6 parts and 24 magnificats in 4-5 parts.
=500  \\$aCopy at K.4.h.5. Cantus (16 leaves); Altus (18 leaves); Tenor (17 leaves); Bassus (15 leaves); Quinta Vox (12 leaves); paper dimensions: 312 x 200 mm.$5Uk
=500  \\$aCopy at K.4.h.5. Digitised score at http://purl.org/rism/BI/1591/1.$5Uk
=500  \\$aIncludes dedication page in Latin to Julius Echter von Mespelbrunn, Prince-Bishop of Würzburg.
=500  \\$aTranscribed title page from cantus part book: CANTVS. / MAGNIFICAT, / BEATISSIMAE DEIPA- / RAEQVE VIRGINIS MARIAE / CANTICVM, QVINQVE ET QVATVOR / VOCIBUS, SECVNDVM OCTO VVLGARES MV- / SICAE MODOS, A DIVERSIS NOSTRAE / AETATIS MVSICIS COMPO- / SITVM: / & / Ad Dei Opt. Max/ laudem & Eccle- / siae decus nuperrime in lusem editum, / opera & studio FRIDERICI / LINDNERI. / NORIBERGAE, / In officina Musica Catharinae Gerlachiae / M D XCI.
=505  0\$aDeus in adjutorium meum intende (Deus in adjutorium me festina) / Ioan. Matthaeus Asula -- Aliud. a 5. (Deus in adjutorium me festina) / Horatio Faa -- Aliud. a5. (Deus in adjutorium me festina) / Theodori Ricci -- Magnificat Octo Tonorum de Michele Varotto. Primo Toni / Michele Varotto -- Magnificat 2. Toni / Michele Varotto -- Magnificat 3. Toni / Michele Varotto -- Magnificat 4. Toni / Michele Varotto -- Magnificat 5. Toni / Michele Varotto -- Magnificat 6. Toni / Michele Varotto -- Magnificat 7. Toni / Michele Varotto -- Magnificat 8. Toni / Michele Varotto -- Sequitur magnificat octo tonorum, quinque vocum di Vincenzii Ruffi. Primi Toni / Vincenzii Ruffi -- Magnificat 2. Toni / Vincenzii Ruffi -- Magnificat 3. Toni / Vincenzii Ruffi -- Magnificat 4. Toni / Vincenzii Ruffi -- Magnificat 5. Toni / Vincenzii Ruffi -- Magnificat 6. Toni / Vincenzii Ruffi -- Magnificat 7. Toni / Vincenzii Ruffi -- Magnificat 8. Toni / Vincenzii Ruffi -- Sequitur magnificat octo tonorum, quatuor vocum di Francisco Guerrero. Primi Toni / Francisco Guerrero -- Magnificat 2. Toni / Francisco Guerrero -- Magnificat 3. Toni / Francisco Guerrero Quarti Toni / Francisco Guerrero -- Magnificat 5. Toni / Francisco Guerrero -- Sexti Toni / Francisco Guerrero -- Septimi Toni / Francisco Guerrero -- Magnificat 8. Toni / Francisco Guerrero.
=510  4\$aRISM B/I,$c1591 ¹
=546  \\$aLatin words.
=650  \0$aMagnificat (Music)
=650  \0$aMotets.
=700  0\$aJulius Echter,$cvon Mespelbrunn, Prince-Bishop of Würzburg,$d1545-1617,$ededicatee.
=700  1\$aGerlach, Katharina,$dactive 1578-1591,$eprinter.
=700  1\$aLindner, Friedrich,$dapproximately 1542-1597,$ecompiler.
=700  12$aAsola, Giovanni Matteo,$d-1609.$tDeus in adjutorium meum.
=700  12$aFaà di Bruno, Giovanni Matteo,$dactive approximately 1570.$tDeus in adjutorium me festina.
=700  12$aGuerrero, Francisco,$d1528-1599.$tMagnificat octavi toni.
=700  12$aGuerrero, Francisco,$d1528-1599.$tMagnificat primi toni.
=700  12$aGuerrero, Francisco,$d1528-1599.$tMagnificat quarti toni.
=700  12$aGuerrero, Francisco,$d1528-1599.$tMagnificat quinti toni.
=700  12$aGuerrero, Francisco,$d1528-1599.$tMagnificat secundi toni.
=700  12$aGuerrero, Francisco,$d1528-1599.$tMagnificat septimi toni.
=700  12$aGuerrero, Francisco,$d1528-1599.$tMagnificat sexti toni.
=700  12$aGuerrero, Francisco,$d1528-1599.$tMagnificat tertii toni.
=700  12$aRiccio, Teodoro,$dapproximately 1540-approximately 1600.$tDeus in adjutorium me festina.
=700  12$aRuffo, Vincenzo,$dapproximately 1508-1587.$tMagnificat octavi toni$n(1578)
=700  12$aRuffo, Vincenzo,$dapproximately 1508-1587.$tMagnificat primi toni$n(1578)
=700  12$aRuffo, Vincenzo,$dapproximately 1508-1587.$tMagnificat quarti toni$n(1578)
=700  12$aRuffo, Vincenzo,$dapproximately 1508-1587.$tMagnificat quinti toni$n(1578)
=700  12$aRuffo, Vincenzo,$dapproximately 1508-1587.$tMagnificat secundi toni$n(1578)
=700  12$aRuffo, Vincenzo,$dapproximately 1508-1587.$tMagnificat septimi toni$n(1578)
=700  12$aRuffo, Vincenzo,$dapproximately 1508-1587.$tMagnificat sexti toni$n(1578)
=700  12$aRuffo, Vincenzo,$dapproximately 1508-1587.$tMagnificat tertii toni$n(1578)
=700  12$aVarotto, Michele.$tMagnificat octavi toni.
=700  12$aVarotto, Michele.$tMagnificat primi toni.
=700  12$aVarotto, Michele.$tMagnificat quarti toni.
=700  12$aVarotto, Michele.$tMagnificat quinti toni.
=700  12$aVarotto, Michele.$tMagnificat secundi toni.
=700  12$aVarotto, Michele.$tMagnificat septimi toni.
=700  12$aVarotto, Michele.$tMagnificat sexti toni.
=700  12$aVarotto, Michele.$tMagnificat tertii toni.
=710  2\$aKatharina Gerlach (Firm),$eprinter.
=752  \\$aGermany$dNuremberg.$2lcsh/naf
=856  41$uhttp://purl.org/rism/BI/1591/1$yDigitised score
=859  \\$aXLD$bDCW
=852  4\$cDRT$jDigital Store K.4.h.5.$aBritish Library$bMUSIC
=985  \\$aGuerrero name titles need more work, Grove says "Magnificat settings, 1563; 9 Magnificat, 1584; 7 Magnificat also in GCA-Gc 2B"; I don't like the one heading established in LC "Guerrero, Francisco, 1528?-1599. Magnificats. Magnificat quarti toni" since "Magnificats" seems redundant and don't know which Magnificat quarti toni it is exactly (AP)
=985  \\$aRecord amended for WR# 13/070
=985  \\$aCorrected by MS generated file for WR# 1805-0738
=CAT  \\$aBATCH-DCW$b00$c20171218$lBLL01$h0202
=CAT  \\$a1805-0738$c20190111$lBLL01$h1808
=CAT  \\$a1805-0738$b00$c20190111$lBLL01$h1828
=FIN  \\$aY$d20171218
=LKR  \\$aPAR$lBLL01$r776$b004484277$mMagnificat, Beatissimae Deiparaeque Virginis Mariae canticum : quinque et quatuor vocibus : secundum octo vulgares musicae modos /$nMagnificat, Beatissimae Deiparaeque Virginis Mariae canticum : quinque et quatuor vocibus : secundum octo vulgares musicae modos /
=DGM  \\$a004484277$bCatBridge variable field
=DRT  \\$aDCW
=SRC  \\$aDCW$bDCW_20171217
=OHC  \\$a1
=LAS  \\$a1805-0738$b00$c20190111$lBLL01$h1828

