=LDR  07489 cm a22007097  4500
=001  018649587
=003  Uk
=005  20171218020207.0
=007  cr\mn\024mpada
=008  930323s1594\\\\be\||z\\s\\\\\\\\\\\ita\\
=FMT  \\$a  MU
=019  d\$aek00380042
=040  \\$aUk$beng$cUk
=041  \\$aita
=042  \\$aukblsr
=082  14$a780$215
=100  1\$aMarenzio, Luca,$d1553-1599.
=240  10$aMadrigals,$mvoices (6)
=245  10$aMadrigali a sei voci, in un corpo ridotti.$cDi Luca Marenzio, musico eccellentissimo. Nuovamente posti in luce, & con ogni diligentia corretti. Aggiunto vi di più uno madrigale del istesso authore à dieci voci.
=264  \1$aAnuersa :$bPietro Phalesio & Giovanni Bellero,$c1594.
=300  \\$a6 part books ;$c18 x 23 cm (oblong 4º)
=336  \\$anotated music$2rdacontent
=337  \\$acomputer$2rdamedia
=338  \\$aonline$2rdacarrier
=340  \\$m4to$2rdabf
=500  \\$aAll works are by Luca Marenzio except for 'Candide perle e voi labbra ridenti' which is by Antonio Bicci.
=500  \\$aCollection of madrigals in six parts and one madrigal in ten parts (SATB56).
=500  \\$aCopy at K.3.f.15. CANTO (56 leaves), ALTO (55 leaves), TENORE (56 leaves), BASSO (55 leaves), QVINTO (56 leaves), SESTO (56 leaves); original foliation: Canto, Tenore, Quinto, Sesto: [1], 2-56 f. Alto, Basso: [1], 2-55 f.; paper dimensions: 170 x 211 mm.$5Uk
=500  \\$aCopy at K.3.f.15. Digitised score at http://purl.org/rism/BI/1594/14.$5Uk
=500  \\$aTranscribed title page from canto part book: DI LVCA MARENZIO, / MVSICO ECCELLENTISSIMO. / MADRIGALI A SEI VOCI, / IN VN CORPO RIDOTTI. / Nuouamente posti in luce, & con ogni / diligentia corretti. / Aggiunto vi di più vno Madrigale del istesso Authore à Dieci Voci. / CANTO. / IN ANVERSA. / Appresso Pietro Phalesio & Giouanni Bellero. / M. D. XCIIII.
=500  \\$aWith a dedication in Italian by Pietro Phalesio to Edovardo, Ferdinando and Consalvo Ximenez, merchants of Antwerp, dated, 'Anuersa à li 26. di Genaio 1594.'.
=500  \\$aWith a table of contents at the end.
=500  \\$aWith some missprinted folio numbers in all part books.
=505  0\$aAl suon de le dolcissime parole -- Io morirò d'Amore -- Giunt'a vn bel font'il trasmutato in fiore -- Con la sua man la mia Madonna -- Con dolce sguardo alquant'acerb'in vista (prima parte) Di lagrime indi sparge'vn ruscelletto (seconda parte) -- Vatene anima mia -- Nel piu fiorito Aprile -- In vn bel bosco di leggiadre fronde (prima parte) Dolce laccio o vaghe reti o bosco Vezzoso (seconda parte) -- In vn lucido rio -- E s'io mi doglio Amore -- Di nettare amoroso ebro la mente (prima parte) Sonar le labbra (seconda parte) -- La dipartita è amara -- Strinse Amarilli il vago suo Fileno -- Mentre sul far del giorno -- Crudel perche mi fuggi -- Su l'ampia fronte il cresp'oro lucente (prima parte) Io che forma celeste in terra scorsi (seconda parte) -- Deh rinforzate il vostro largo pianto -- Nessun visse giamai piu di me lieto -- Parto da voi mio sole -- Non è questa la mano -- Tigre mia se ti pesa -- Donò Cinthia a Damone -- O che soave e non inteso baccio -- Potro viver io piu se senza luce -- Cantate Ninfe leggiadrette e belle -- Tra l'herbe a pie d'vn mirto che'l copriua (prima parte) Per più gradirla co' lasciui amori -- Come fuggir per selu'ombrosa e folta -- Ecco che'l ciel a noi chiar' & sereno (prima parte) Ecco che mill'augei co[n] dolci accenti (seconda parte) -- Qual per ombrose et verdegianti valli [prima parte] Puot'aguagliar l'alto piacer (seconda parte) -- Cedan l'antiche tue chiare vittorie (prima parte) Mentre nouella alma Vittoria (seconda parte) -- Bianchi Cigni e canori (prima parte) Alzate il nouo Lauro oltra le stelle (seconda parte) Guidate dolci & amorosi balli (terza parte) -- Filli mia bella a Dio -- Come inanti de l'alba ruggiadosa [prima parte] Cosi questa di cui canto gl'honori (seconda parte) -- Vita de la mia vita -- Quell'ombra esser vorei -- Da i bei labri di rose aura tranquilla -- Questa ordi il laccio -- Leggiadre Ninfe e Pastorelli amanti --
=505  0\$aCandide perle e voi labbra ridenti / Antonio Bicci -- Ben mi credetti gia d'esser felice -- Vaneggio od è pur vero -- Mentre fia caldo il sol fredda la neue -- Basti fin qui le pene.
=505  0\$aL'aura serena (prima parte) Le quali: Ella spargease dolcemente (seconda parte) -- Cantai gia lieto il mio libero stato (prima parte) Che la mia donna (seconda parte) -- Donna piu d'altr'adorna -- O quante volte in van cor mio -- Se bramate ch'io mora -- S'a veder voi non ve[n]go -- Baci soavi e cari (prima parte) Baci amorosi e belli (seconda parte) Baci affammati e'n gordi (terza parte) Baci cortesi e grati (quarta parte) Baci ohime (quinta & ultima parte) -- Viurò dunque lontano -- Dansava con maniere (prima parte) Son presa diss'e à me (seconda parte) -- Amatemi ben mio -- Fuggi speme mia -- Non porta ghiaccio Aprile -- Per duo coralli ardenti -- Qual vive Salamandra -- Io vidi gia sottol'ardente -- Posso cor mio partire -- Passando co[n] pensier per un boschetto (prima parte) Noi stare[m] troppo ch'el tempo si turba (seconda parte) Fuggendo tutte di paura piene (terza & vltima parte) -- Arsi gran tempo e del mio foco indegno (prima parte) Lasso e conosco (seconda parte) -- Leggiadrissima eterna Primauera (prima parte) Già le Muse (seconda parte) -- O dolorosa sorte -- Tutte sue squadre di miserie e stenti -- Stringeami Galatea fra le sue nude braccio (prima parte) Ella che se n'accorse (seconda parte) -- Caro Aminta pur vuoi (prima parte) Non puo Filli piu il core (seconda parte, risposta) -- Ahime tal fu d'Amore -- Vaghi capell'aurati -- Nel dolce seno della bella Clori (prima parte) Perche l'vna e l'altr'alma insieme scocchi (seconda parte) -- Dice la mia bellissima Licori -- Satiati Amor ch'a piu doglioso ama[n]te -- Occhi: Sereni e chiari -- Ne fero sdegno mai donna mi mosse (prima parte) Talche dovunque vò (seconda parte) -- Spiri dolce Fauonio Arabi odori (prima parte) Tacciano i venti (seconda parte) -- Vaghi e lieti fanciulli -- Del cibo onde il signor mio sempr'abonda [prima parte] Con quella manche tanto desiai (seconda parte) -- Piangea Filli e riuolte ambe le luci --
=510  4\$aRISM B/I,$c1594 ¹⁴
=546  \\$aItalian words.
=650  \0$aMadrigals, Italian.
=700  1\$aBeller, Jean,$d1526-1595,$eprinter.
=700  1\$aBicci, Antonio,$d1552-1614,$ecomposer.
=700  1\$aPhalèse, Pierre,$dapproximately 1550-1629,$eprinter.
=700  1\$aXimenez, Consalvo,$ededicatee.
=700  1\$aXimenez, Edovardo,$ededicatee.
=700  1\$aXimenez, Ferdinando,$ededicatee.
=752  \\$aItaly$dVenice.$2lcsh/naf
=856  41$uhttp://purl.org/rism/BI/1594/14$yDigitised score
=859  \\$aXLD$bDCW
=852  4\$cDRT$jDigital Store K.3.f.15.$aBritish Library$bMUSIC
=985  \\$aRecord amended for WR# 13/070
=985  \\$aname title to add
=985  \\$aCorrected by MS generated file for WR# 1805-0738
=CAT  \\$aBATCH-DCW$b00$c20171218$lBLL01$h0202
=CAT  \\$a1805-0738$c20190111$lBLL01$h1808
=CAT  \\$a1805-0738$b00$c20190111$lBLL01$h1828
=FIN  \\$aY$d20171218
=LKR  \\$aPAR$lBLL01$r776$b004507535$mMadrigali a sei voci, in un corpo ridotti.$nMadrigali a sei voci, in un corpo ridotti.
=DGM  \\$a004507535$bCatBridge variable field
=DRT  \\$aDCW
=SRC  \\$aDCW$bDCW_20171217
=OHC  \\$a1
=LAS  \\$a1805-0738$b00$c20190111$lBLL01$h1828

