=LDR  02784 cm a2200613 a 4500
=001  018649588
=003  Uk
=005  20171218020207.0
=007  cr\mn\024mpada
=008  930323s1521\\\\it\msz\\s\\\\\\\\\\\lat\\
=FMT  \\$a  MU
=019  d\$aek11010003
=040  \\$aUk$beng$cUk
=042  \\$aukblsr
=082  14$a780$215
=245  00$aMissarum, liber primus.
=264  \1$aVenezia :$bA. Antico,$c1521.
=300  \\$a4 part books ;$c12 x 17 cm (oblong 8º)
=336  \\$anotated music$2rdacontent
=337  \\$acomputer$2rdamedia
=338  \\$aonline$2rdacarrier
=340  \\$m8vo$2rdabf
=500  \\$aCollection of two masses in 4 parts (SATB).
=500  \\$aCopy at K.8.b.7.(1.). Digitised score at http://purl.org/rism/BI/1521/1.$5Uk
=500  \\$aCopy at K.8.b.7.(1.). Tenor (10 leaves); original foliation: 13-22 f.; paper dimensions: 108 x 160 mm. Folio 15 is incorrectly printed as 1, and 22 is printed on the verso of fol. 21 rather than the following leaf.$5Uk
=500  \\$aThe first work by Jean Mouton; the second work attributed in this publication to Andreas De Silva is attributed in Grove to Constanzo Festa and is known as Missa carminum.
=500  \\$aTranscribed title page from superius part book: Missarum diversorum authorum Liber primus.
=500  \\$aTranscribed title page from tenor part book: Missarum Liber primus.
=505  0\$a[Missa Tua est Potentia] / Joannes Mouton -- Missa [diversorum tenorum] / Andreas de Sylva.
=510  3\$aJoannis Mouton Opera omnia, ed. A.C. Minor and T.G. MacCracken, CMM, xliii (1967-).
=510  4\$aFrançois Lesure, ed., Recueils imprimés XVIe-XVII1 siècles (München-Duisberg: G. Henle Verlag 1960),$cVol 1, Liste chronologique
=510  4\$aRISM B/I,$c1521 ¹
=546  \\$aLatin words.
=650  \0$aMasses.
=700  1\$aAntico, Andrea,$dactive 1517,$eprinter.
=700  12$aFesta, Costanzo,$d-1545.$tMissa carminum.
=700  12$aMouton, Jean,$d-1522.$tMissa Tua est potentia.
=710  2\$aAndrea Antico (Firm),$eprinter.
=752  \\$aItaly$dVenice.$2lcsh/naf
=856  41$uhttp://purl.org/rism/BI/1521/1$yDigitised score
=859  \\$aXLD$bDCW
=852  4\$cDRT$jDigital Store K.8.b.7.(1.)$aBritish Library$bMUSIC
=985  \\$aRecord amended for WR# 13/070
=985  \\$aCorrected by MS generated file for WR# 1805-0738
=CAT  \\$aBATCH-DCW$b00$c20171218$lBLL01$h0202
=CAT  \\$a1805-0738$c20190111$lBLL01$h1808
=CAT  \\$a1805-0738$b00$c20190111$lBLL01$h1828
=FIN  \\$aY$d20171218
=LKR  \\$aPAR$lBLL01$r776$b004513663$mMissarum, liber primus.$nMissarum, liber primus.
=DGM  \\$a004513663$bCatBridge variable field
=DRT  \\$aDCW
=SRC  \\$aDCW$bDCW_20171217
=OHC  \\$a1
=LAS  \\$a1805-0738$b00$c20190111$lBLL01$h1828

