=LDR  02354 cm a2200577 a 4500
=001  018649589
=003  Uk
=005  20171218020207.0
=007  cr\mn\024mpada
=008  930323s1521\\\\it\mzz\\s\\\\\\\\\\\lat\\
=FMT  \\$a  MU
=019  d\$aek11010004
=040  \\$aUk$beng$cUk
=042  \\$aukblsr
=082  14$a780$215
=245  00$aMissarum diversorum authorum.$nLiber secundus.
=264  \1$aVenezia :$bA. Antico,$c1521.
=300  \\$a4 part books ;$c12 x 17 cm (oblong 8º)
=336  \\$anotated music$2rdacontent
=337  \\$acomputer$2rdamedia
=338  \\$aonline$2rdacarrier
=340  \\$m8vo$2rdabf
=500  \\$aCollection of two masses in 4-5 parts by Jean Mouton and Mathieu Gascongne.
=500  \\$aCopy at K.8.b.7.(2.). Digitised score at http://purl.org/rism/BI/1521/2.$5Uk
=500  \\$aCopy at K.8.b.7.(2.). Tenor (12 leaves); original foliation: 13-24 f.; paper dimensions: 108 x 160 mm.$5Uk
=500  \\$aThe final Agnus Dei of Gascongne's mass has a fifth vocal part (quinta parte) printed on the verso of the final leaf of the tenor part book.
=500  \\$aTranscribed title page from tenor part book: Missarum diuersorum autho / rum Liber Secundus.
=505  0\$aSupra verb[um] bonu[m] / Jo. Mouton -- Sup[ra] b[e]n[e]dictus / Gascogne.
=510  4\$aRISM B/I,$c1521 ²
=546  \\$aLatin words.
=650  \0$aMasses.
=700  1\$aAntico, Andrea,$dactive 1517,$eprinter.
=700  1\$aGascongne, Mathieu.$tMissa supra Benedictus.
=700  12$aMouton, Jean,$d-1522.$tMissa Verbum bonum.
=710  2\$aAndrea Antico (Firm),$eprinter.
=752  \\$aItaly$dVenice.$2lcsh/naf
=856  41$uhttp://purl.org/rism/BI/1521/2$yDigitised score
=859  \\$aXLD$bDCW
=852  4\$cDRT$jDigital Store K.8.b.7.(2.)$aBritish Library$bMUSIC
=985  \\$aRecord amended for WR# 13/070
=985  \\$aCorrected by MS generated file for WR# 1805-0738
=CAT  \\$aBATCH-DCW$b00$c20171218$lBLL01$h0202
=CAT  \\$a1805-0738$c20190111$lBLL01$h1808
=CAT  \\$a1805-0738$b00$c20190111$lBLL01$h1828
=FIN  \\$aY$d20171218
=LKR  \\$aPAR$lBLL01$r776$b004513664$mMissarum diversorum authorum.$nMissarum diversorum authorum.
=DGM  \\$a004513664$bCatBridge variable field
=DRT  \\$aDCW
=SRC  \\$aDCW$bDCW_20171217
=OHC  \\$a1
=LAS  \\$a1805-0738$b00$c20190111$lBLL01$h1828

