=LDR  04372 cm a22005777  4500
=001  018649590
=003  Uk
=005  20171218020207.0
=007  cr\mn\024mpada
=008  930323s1533\\\\gw\||z\\s\\\\\\\\\\\lat\\
=FMT  \\$a  MU
=019  d\$aek22740004
=040  \\$aUk$beng$cUk
=041  \\$alat
=042  \\$aukblsr
=082  14$a780$215
=245  00$aMelodiae prudentianae et in Virgilium magna ex parte nuper natae.
=260  \\$aLipsiae :$bper Nicolaum Fabrum typographum expressae,$c1533.
=300  \\$a1 choir book ;$c16 x 11 cm (8o)
=336  \\$anotated music$2rdacontent
=337  \\$acomputer$2rdamedia
=338  \\$aonline$2rdacarrier
=500  \\$aClement A. Miller in New Grove states that fourteen compositions in this collection are by Hordisch (the titles are not given); however, only eight are attributed in the print (and in the RISM B/1 index).
=500  \\$aCollection of four-voice settings of hymns or odes by Aurelius Prudentius Clemens, Sedulius and Virgil.
=500  \\$aCopy at K.8.b.14. 28 leaves; dimensions of paper: 155 x 103 mm.$5Uk
=500  \\$aCopy at K.8.b.14. Digitised score at http://purl.org/rism/BI/1533/3.$5Uk
=500  \\$aFrom the begining until 'Hymnus Epiphaniae', the words are from the Cathemerinon of Prudentius. The text for 'Arma uirum[que], Troie' is from Virgil's Aeneid and for 'Daphnis ego in syluis' from Virgil's Fifth Ecogue.
=500  \\$aTranscribed title page: MELODIAE / PRVDENTIANAE ET IN VIRGI- / LIVM MAGNA EX PARTE NV- / per natae, & per Nicolaum / Fabrum typographum / expressae. / LIPSIAE. / M.D.XXXIII. / Mense Aprili. / Quicquid est uirrutis usquam, psallat in Laudem Dei, / Nulla linguarum silescat, uox, & omnis consonet.
=500  \\$aWith 'Catalogus Hymnorum' (table of contents).
=505  0\$aPraefatio (Per quinquennia ia[m] decem) (Main title taken from Catalogus) / Lucam Hordisch -- Hymnus ad gallicanum (Ales diei nuncius) / Sebat. Forster -- Hymnus ad matutinum (Nox et tenebrae) -- Hymnus ante cibum (O Crucifer bone lucifator) -- Aliud melos inter aequales (O Crucifer bone lucifator) / L.H. -- Ode post cibum (Pastis uisceribus cibo[que] / L.H. -- Ode ad accensionem lucernae non mulli ad inscension cerei Paschalis inferibunt (Inuentor rutili dux bone) -- Ad Melos Ecclesiasticum (Inuentor rutili dux bone.) / Sebast. Forst. -- Hymnus ante somnum (Ades pater supreme) -- Hymnus ieiunantium (O Nazarene dux Bethlem) / L.H. -- Hymnus postieiunium (Christe seruoru[m]) -- Hymnus omni hora (Da puer plectrum) -- Hymnus in exequiis defunctorum (Deus ignee fons animarum) / L.H. -- Hymnus octauo Kalendas Ianuarias (Quid est quod arctum circulum) -- Hymnus Epiphaniae (Quicun[que] Christum quaeritis) -- Agon Beati Laurentii ex libro Persiste phanon ciusdem poctae (Antiqua fanorum parens) / L.H. -- Martyrium beati Vinceniij, ex peristephanon (Beate Martyr, prospera) / L.H. -- Ode in qua poeta de seipso, Aut si mauis, praesatio est in Enchiridion (Pius, fidelis, innocens, pudicus) / L.H. -- Sedulii est illud de miraculis Christi, consueto melo, quo utitur Chorus Ecclesiasticus (A solis ortus cardine) -- Sequitur Melos Heroicum in septem uersus (Arma uirum[que], Troie) -- Alterum in versus duos, Hexametros & Heroicus (Daphnis ego in syluis) / Seb. Forst. -- Postremus est hymnus uerpertinus (Immense coeli conditur) (Main title taken from Catalogus)
=510  4\$aRISM B/I,$c1533 ³
=546  \\$aLatin words.
=650  \0$aHymns, Latin.
=700  1\$aForster, Sebastian,$ecomposer.
=700  1\$aHordisch, Lucas,$dapproximately 1503, d. post 1538-$ecomposer.
=700  1\$aSchmidt, Nickel,$d-1555,$eprinter.
=752  \\$aGermany$dLeipzig.$2lcsh/naf
=856  41$uhttp://purl.org/rism/BI/1533/3$yDigitised score
=859  \\$aXLD$bDCW
=852  4\$cDRT$jDigital Store K.8.b.14$aBritish Library$bMUSIC
=985  \\$aEarly Music Online project
=985  \\$aRecord amended for WR# 13/070
=985  \\$aname title to add
=CAT  \\$aBATCH-DCW$b00$c20171218$lBLL01$h0202
=FIN  \\$aY$d20171218
=LKR  \\$aPAR$lBLL01$r776$b004518851$mMelodiae prudentianae et in Virgilium magna ex parte nuper natae.$nMelodiae prudentianae et in Virgilium magna ex parte nuper natae.
=DGM  \\$a004518851$bCatBridge variable field
=DRT  \\$aDCW
=SRC  \\$aDCW$bDCW_20171217
=OHC  \\$a1
=LAS  \\$aBATCH-DCW$b00$c20171218$lBLL01$h0202

