=LDR  07695 cm a2200757 a 4500
=001  018649591
=003  Uk
=005  20171218020207.0
=007  cr\mn\024mpada
=008  930323s1599\\\\it\||z\\s\\\\\\\\\\\zxx\\
=FMT  \\$a  MU
=019  d\$afa06370002
=040  \\$aUk$beng$cUk
=041  \\$aita
=042  \\$aukblsr
=082  14$a780$215
=100  1\$aMolinaro, Simone.
=240  10$aLute music.$kSelections
=245  10$aIntavolatura di liuto.$nLibro primo :$bnel quale si contengono saltarelli, pass' e mezi, gagliarde, e fantasie : novamente composto, & dato in luce /$cdi Simone Molinaro, Genovese.
=264  \1$aIn Venetia :$bAppresso Ricciardo Amadino,$cMDXCIX [1599]
=300  \\$a145 pages of music ;$c33 cm (folio)
=336  \\$anotated music$2rdacontent
=337  \\$acomputer$2rdamedia
=338  \\$aonline$2rdacarrier
=340  \\$mfolio$2rdabf
=500  \\$aCollection of music for lute in tablature.
=500  \\$aCompositions by Molinaro and his intabulations of pieces by other composers.
=500  \\$aCopy at K.4.i.9. 74 leaves; original foliation: [i], 1-145, [146] p.; paper dimensions: 323 x 225 mm.$5Uk
=500  \\$aCopy at K.4.i.9. Digitised score at http://purl.org/rism/BI/1599/18.$5Uk
=500  \\$aIncludes table of contents at the end.
=500  \\$aTranscribed title page: INTAVOLATVRA / DI LIVTO / DI SIMONE MOLINARO / GENOVESE / LIBRO PRIMO / Nel quale si contengono Saltarelli, Pass'e mezi, / Gagliarde, e Fantasie. / Nouamente composto, & dato in luce. / IN VENETIA M D XCIX. / Appresso Ricciardo Amadino.
=500  \\$aWith some misprinted page numbers.
=505  0\$aFantasia prima / Simone Molinaro -- Fantasia seconda / Simone Molinaro -- Fantasia terza / Simone Molinaro -- Fantasia quarta / Simone Molinaro -- Fantasia quinta / Simone Molinaro -- Fantasia sesta / Simone Molinaro -- Fantasia settima / Simone Molinaro -- Fantasia ottava / Simone Molinaro -- Fantasia nona / Simone Molinaro -- Fantasia decima / Simone Molinaro -- Fantasia undecima / Simone Molinaro -- Fantasia duodecima / Simone Molinaro -- Fantasia decima terza / Simone Molinaro -- Fantasia decima quarta / Simone Molinaro -- Fantasia decima quinta / Simone Molinaro --
=505  0\$aMais que sert la richesse a l'homme : canzone francese a quattro / di Gulielmo Costelij ; intavolata dal Gostena -- Pis ne me peult venir : canzone francese a quattro / di Thomas Crecquillon ; intavolata dal Gostena -- Susane un jour : canzone francese a cinque / di Orlando Lasso ; intavolata dal Gostena -- Fantasia / di Giulio Severino, sopra Susane un jour -- Ung gaij bergier : canzone francese a quattro / di Thomas Crecquillon ; intavolata dal Molinaro -- Rossingnolet : canzone francese a quattro / di Clemens non Papa ; intavolata dal Molinaro -- Frais & gaillard : canzone francese a quattro / di Clemens non Papa ; intavolata dal Molinaro -- Canzone a quattro / di Gioseppe Guami ; intavolata dal Molinaro -- Canzone a quattro / di Gioseppe Guami ; intavolata dal Molinaro.
=505  0\$aSEGVONO VINTICINQVE FANTASIE DI GIO. BATTISTA DALLA GOSTENA, ZIO E MAESTRO DEL MOLINARO. Fantasia prima / Gio. Battista dalla Gostena -- Fantasia prima / [Gio. Battista dalla Gostena] -- Fantasia seconda / [Gio. Battista dalla Gostena] -- Fantasia terza / [Gio. Battista dalla Gostena] -- Fantasia quarta / [Gio. Battista dalla Gostena] -- Fantasia quinta / [Gio. Battista dalla Gostena] -- Fantasia sesta / [Gio. Battista dalla Gostena] -- Fantasia settima / [Gio. Battista dalla Gostena] -- Fantasia ottava / [Gio. Battista dalla Gostena] -- Fantasia nona / [Gio. Battista dalla Gostena] -- Fantasia decima / [Gio. Battista dalla Gostena] -- Fantasia undecima / [Gio. Battista dalla Gostena] -- Fantasia duodecima / [Gio. Battista dalla Gostena] -- Fantasia decima terza / [Gio. Battista dalla Gostena] -- Fantasia decima quarta / [Gio. Battista dalla Gostena] -- Fantasia decima quinta / [Gio. Battista dalla Gostena] -- Fantasia decima sesta / [Gio. Battista dalla Gostena] -- Fantasia decima settima / [Gio. Battista dalla Gostena] -- Fantasia decima ottava / [Gio. Battista dalla Gostena] -- Fantasia decima nona / [Gio. Battista dalla Gostena] -- Fantasia vigesima / [Gio. Battista dalla Gostena] -- Fantasia vigesima prima / [Gio. Battista dalla Gostena] -- Fantasia vigesima seconda / [Gio. Battista dalla Gostena] -- Fantasia vigesima terza / [Gio. Battista dalla Gostena] -- Fantasia vigesima quarta / [Gio. Battista dalla Gostena] -- Fantasia vigesima quinta / [Gio. Battista dalla Gostena] --
=505  0\$aSaltarello primo a carte / [Simone Molinaro] -- Saltarello secondo / [Simone Molinaro] -- Saltarello terzo / [Simone Molinaro] -- Saltarello quarto / [Simone Molinaro] -- Saltarello quinto / [Simone Molinaro] -- Saltarello sesto / [Simone Molinaro] -- Saltarello sestimo / [Simone Molinaro] -- Ballo detto il Conte Orlando / [Simone Molinaro] -- Saltarello del predetto ballo / [Simone Molinaro] -- Pass'e mezo in sei modi / [Simone Molinaro] -- Gagliarda in quattro modi / [Simone Molinaro] -- Pass'e mezo in otto modi / [Simone Molinaro] -- Gagliarda in quattro modi / [Simone Molinaro] -- Pass' e mezo in dieci modi / Simone Molinaro -- Gagliarda in sei modi / Simone Molinaro -- Pass'e mezo in sei modi / Simone Molinaro -- Gagliarda in tre modi / Simone Molinaro -- Pass'e mezo in tre modi / Simone Molinaro -- Gagliarda in tre modi / Simone Molinaro -- Pass'e mezo in tre modi / Simone Molinaro -- Gagliarda in tre modi / Simone Molinaro -- Pass'e mezo in tre modi / Simone Molinaro -- Gagliarda in tre modi / Simone Molinaro -- Pass'e mezo in tre modi / Simone Molinaro -- Gagliarda in tre modi / Simone Molinaro -- Pass'e mezo in cinque modi / Simone Molinaro -- Gagliarda in cinque modi / Simone Molinaro -- Pass'e mezo in quattro modi / Simone Molinaro -- Gagliarda in tre modi / Simone Molinaro -- Pass'e mezo in tre modi / Simone Molinaro -- Gagliarda in tre modi / Simone Molinaro --
=510  4\$aRISM B/I,$c1599 ¹⁸
=650  \0$aIntabulations (Lute)
=650  \0$aLute music.
=700  1\$aAmadino, Ricciardo,$dactive 1572-1621,$eprinter.
=700  1\$aClemens non Papa, Jacobus,$dapproximately 1510-approximately 1555,$ecomposer.
=700  1\$aCosteley, Guillaume,$d1530?-1606,$ecomposer.
=700  1\$aCrecquillon, Thomas,$d-1557?,$ecomposer.
=700  1\$aDalla Gostena, Giovanni Battista,$dapproximately 1540-1598,$ecomposer.
=700  1\$aGuami, Gioseffo,$d1542-1611,$ecomposer.
=700  1\$aLasso, Orlando di,$d1532-1594,$ecomposer.
=700  1\$aPapa, Christoffaro,$ededicatee.
=700  1\$aSeverino, Giulio,$dactive 16th century,$ecomposer.
=710  2\$aRicciardo Amandino (Firm),$eprinter.
=752  \\$aItaly$dVenice.$2lcsh/naf
=856  41$uhttp://purl.org/rism/BI/1599/18$yDigitised score
=859  \\$aXLD$bDCW
=852  4\$cDRT$jDigital Store K.4.i.9.$aBritish Library$bMUSIC
=985  \\$aRecord amended for WR# 13/070
=985  \\$aname title to add
=985  \\$aCorrected by MS generated file for WR# 1805-0738
=CAT  \\$aBATCH-DCW$b00$c20171218$lBLL01$h0202
=CAT  \\$a1805-0738$c20190111$lBLL01$h1808
=CAT  \\$a1805-0738$b00$c20190111$lBLL01$h1828
=FIN  \\$aY$d20171218
=LKR  \\$aPAR$lBLL01$r776$b004531308$mIntavolatura di liuto. nel quale si contengono saltarelli, pass' e mezi, gagliarde, e fantasie : novamente composto, & dato in luce /$nIntavolatura di liuto. nel quale si contengono saltarelli, pass' e mezi, gagliarde, e fantasie : novamente composto, & dato in luce /
=DGM  \\$a004531308$bCatBridge variable field
=DRT  \\$aDCW
=SRC  \\$aDCW$bDCW_20171217
=OHC  \\$a1
=LAS  \\$a1805-0738$b00$c20190111$lBLL01$h1828

