=LDR  04326 cm a22006857  4500
=001  018649592
=003  Uk
=005  20171218020207.0
=007  cr\mn\024mpada
=008  930323s1597\\\\enk||z\\s\\\\\\\|\\\eng\\
=FMT  \\$a  MU
=019  d\$afa16910207
=040  \\$aUk$beng$cUk
=041  \\$aeng$geng
=042  \\$aukblsr
=082  14$a780$215
=245  00$aCanzonets, or, Little short songs to foure voyces /$ccelected out of the best and approved Italian authors by Thomas Morley, gent. of her Majesties Chappell.
=246  30$aLittle short songs to foure voyces
=264  \1$aImprinted at London :$bby Peter Short, dwelling on Bredstreet hill at the signe of the Star & are there to be sold,$c1597.
=300  \\$a4 part books (1 v) ;$c23 x 17 cm (4º)
=336  \\$anotated music$2rdacontent
=337  \\$acomputer$2rdamedia
=338  \\$aonline$2rdacarrier
=340  \\$m4to$2rdabf
=500  \\$aCollection of Italian canzonets with English words in four parts (SATB).
=500  \\$aCopy at K.3.i.10. Cantus (12 leaves), Altus (12 leaves), Tenor (12 leaves), Bassus (12 leaves); paper dimensions: 220 x 165 mm.$5Uk
=500  \\$aCopy at K.3.i.10. Digitised score at http://purl.org/rism/BI/1597/23.$5Uk
=500  \\$aTitle from Cantus part book.
=500  \\$aTranscribed title page from Cantus part book: CANZONETS. / OR LITTLE SHORT / SONGS TO FOURE / VOYCES: / CELECTED OVT OF / the best and approued Italian Authors. / BY / THOMAS MORLEY, / Gent. of her Maiesties / Chappell. / CANTVS. / Imprinted at London by Peter Short, / dwelling on Bredstreet hill at the signe of / the Star & are there to be sold. 1597.
=500  \\$aWith table of contents.
=505  0\$aNow that each creature takes his rest / Giovanni Bassano -- Since that [the] time of fleeting / Giovanni Croce -- Lady let me behold ever your beauty / Giovanni Croce -- Lo Lady for your love I feele this burning / Giovanni Croce -- Fine dainty girle delightsom / Giovanni Bassano -- White lillies be her cheekes & shamefast roses / Giovanni Croce -- Flora faire love I languish / Felice Anerio -- My hart why hast thou taken / Thomas Morley -- Still it frieth, yet my hart never dieth / Thomas Morley -- Kisse me mine owne jewell / Giovanni Bassano -- Faine would I dye for verie shame and sorrow / Lodovico Viadana -- Come shepheards god come closly creeping / Horatio Vecchi -- Weary and windles running, eve[n] as a deare / Horatio Vecchi -- Miraculous loves wounding / Felice Anerio -- Fast by a brooke I laid me / Horatio Vecchi -- When loe by breake of morning / Felice Anerio -- Long hath my love bene kept fro[m] my delighting / Felice Anerio -- Pearle, christal, gold and ruby, are sacred gifts too base / Felice Anerio -- Cease sheapheards cease I pray you / Felice Anerio -- Daphne the bright when frankly she desired / Giovanni Croce.
=510  4\$aRISM B/I,$c1597 ²³
=546  \\$aEnglish words.
=650  \0$aCanzonets (Part songs)
=700  1\$aAnerio, Felice,$dapproximately 1560-1614,$ecomposer.
=700  1\$aBassano, Giovanni,$dactive 1585-1615,$ecomposer.
=700  1\$aCroce, Giovanni,$dapproximately 1557-1609,$ecomposer.
=700  1\$aMorley, Thomas,$d1557-1603?,$ecomposer and editor.
=700  1\$aShort, Peter,$d-1603,$eprinter.
=700  1\$aTapsfield, Henry,$ededicatee.
=700  1\$aVecchi, Orazio,$d1550-1605,$ecomposer.
=700  1\$aViadana, Lodovico da,$dapproximately 1560-1627,$ecomposer.
=752  \\$aEngland$dLondon.$2lcsh/naf
=856  41$uhttp://purl.org/rism/BI/1597/23$yDigitised score
=859  \\$aXLD$bDCW
=852  4\$cDRT$jDigital Store K.3.i.10.$aBritish Library$bMUSIC
=985  \\$aEarly Music Online batch 2
=985  \\$aRecord amended for WR# 13/070
=985  \\$aname title to add
=985  \\$aCorrected by MS generated file for WR# 1805-0738
=CAT  \\$aBATCH-DCW$b00$c20171218$lBLL01$h0202
=CAT  \\$a1805-0738$c20190111$lBLL01$h1808
=CAT  \\$a1805-0738$b00$c20190111$lBLL01$h1828
=FIN  \\$aY$d20171218
=LKR  \\$aPAR$lBLL01$r776$b004536494$mCanzonets, or, Little short songs to foure voyces /$nCanzonets, or, Little short songs to foure voyces /
=DGM  \\$a004536494$bCatBridge variable field
=DRT  \\$aDCW
=SRC  \\$aDCW$bDCW_20171217
=OHC  \\$a1
=LAS  \\$a1805-0738$b00$c20190111$lBLL01$h1828

