=LDR  05320 cm a2200805 a 4500
=001  018649593
=003  Uk
=005  20171218020207.0
=007  cr\mn\024mpada
=008  930323s1598\\\\enkmdz\\s\\\\\\\\\\\eng\\
=FMT  \\$a  MU
=019  d\$afa16910313
=040  \\$aUk$beng$cUk
=041  \\$aeng$geng
=042  \\$aukblsr
=082  14$a780$215
=245  00$aMadrigals to five voyces /$ccelected out of the best approved Italian authors by Thomas Morley, gentleman of Hir Majesties Royall Chappell.
=264  \1$aAt London :$bPrinted by Thomas Este,$c1598.
=300  \\$a5 part books ;$c22 cm (4º)
=336  \\$anotated music$2rdacontent
=337  \\$acomputer$2rdamedia
=338  \\$aonline$2rdacarrier
=340  \\$m4to$2rdabf
=500  \\$aCollection of Italian madrigals given English texts, for 5 voices (SATBQ).
=500  \\$aCopy at K.3.i.14. Cantus (14 leaves), Altus (14 leaves), Tenor (14 leaves), Bassus (14 leaves), Quintus (14 leaves); paper dimensions: 205 x 150 mm.$5Uk
=500  \\$aCopy at K.3.i.14. Digitised score at http://purl.org/rism/BI/1598/15.$5Uk
=500  \\$aThe Bassus part book ascribes 'I languish to complaine mee' to 'Rugiero Giovanelli' above the score.
=500  \\$aTitle from Cantus part book.
=500  \\$aTranscribed title page from Cantus part book: MADRIGALS / TO / fiue voyces. / Celected out of the best approued / Italian Authors. / BY / Thomas Morley Gentleman / of her Maiesties Royall / CHAPPELL. / AT LONDON / Printed by Thomas Este. / 1598.
=500  \\$aWith table of contents.
=505  0\$aSuch pleasant boughs the world yet never vewed / Alfonso Ferabosco -- Sweetly pleasing singest thou, lovely sheperdis / Battista Mosto -- I thinck that if the hills, the plaines and mountaines / Alfonso Ferabosco -- Come lovers foorth, addresse you to admyer / Giovanni Feretti -- Loe Ladies where my love comes / Rugiero Giovanelli -- As I walked in greene Forrest / Rugiero Giovanelli -- Delay breeds daunger, and how may that bee wrested / Rugiero Giovanelli -- My Lady still adhors mee / Giovanni Feretti -- Doe not tremble but stand fast / Horacio Vechi -- Harke and give eare auctentive / Giulio Belli -- Life tell mee, what is the cause of each mans dying / Horacio Vechi -- Soden passions with strange & rare tormenting / Allessandro Orologio -- If silent, then grief torments mee / Alfonso Ferabosco -- O my loving sweet hart, leave of thy madnesse / Luca Marenzio -- I languish to complaine mee, with gastly griefe tormented / Alfonso Ferabosco -- Loe how my colour rangeth / Hippolito Sabino -- Thirsis on his faire Phillis brest reposing -- For verie griefe I dye / Rugiero Giovanelli -- The Nightingale that sweetly doth complayne (second part: O False deceit, who can himself assure) / Peter Phillips -- As Mopsus went his silly flock foorth leading / Stefano Venturi -- Flora faire Nimph whilst silly Lambs are feeding / Giovanni Feretti -- My sweet Layis, Lady mistres / Giovanni di Macque -- Say sweet Phillis, what thy will is / Alfonso Ferabosco.
=510  4\$aJeremy Smith, Thomas East and music publishing in renaissance England (Oxford, Oxford University Press, 2003),$cAppendix 4, no. 30
=510  4\$aRISM B/I,$c1598 ¹⁵
=650  \0$aMadrigals, Italian.
=700  1\$aBelli, Giulio,$dapproximately 1560-1621?,$ecomposer.
=700  1\$aClifton, Gervase,$cSir,$dapproximately 1579-1618,$ededicatee.
=700  1\$aDarcy, Conyers Darcy,$cBaron,$d1570-1654,$eformer owner.$5Uk.
=700  1\$aEast, Thomas,$d1540?-1608?,$eprinter.
=700  1\$aFerrabosco, Alfonso,$d1543-1588,$ecomposer.
=700  1\$aFerretti, Giovanni,$dapproximately 1540-approximately 1609,$ecomposer.
=700  1\$aGiovannelli, Ruggiero,$dapproximately 1560-1625,$ecomposer.
=700  1\$aMacque, Giovanni de,$dapproximately 1550-1614,$ecomposer.
=700  1\$aMarenzio, Luca,$d1553-1599,$ecomposer.
=700  1\$aMorley, Thomas,$d1557-1603?,$eeditor.
=700  1\$aMosto, Giovanni Battista,$d-1596,$ecomposer.
=700  1\$aOrologio, Alessandro,$dapproximately 1550-1633?,$ecomposer.
=700  1\$aPhilips, Peter,$d1561-1628,$ecomposer.
=700  1\$aSabino, Ippolito,$dapproximately 1550-1593,$ecomposer.
=700  1\$aVecchi, Orazio,$d1550-1605,$ecomposer.
=700  1\$aVenturi del Nibbio, Stefano,$dactive 1592-1600,$ecomposer.
=710  2\$aThomas East (Firm),$eprinter.
=752  \\$aEngland$dLondon.$2lcsh/naf
=856  41$uhttp://purl.org/rism/BI/1598/15$yDigitised score
=859  \\$aXLD$bDCW
=852  4\$cDRT$jDigital Store K.3.i.14.$aBritish Library$bMUSIC
=985  \\$aEarly Music Online batch 2
=985  \\$aRecord amended for WR# 13/070
=985  \\$aname title to add; heading for Sir Gervase Clifton needs more work.
=985  \\$aCorrected by MS generated file for WR# 1805-0738
=CAT  \\$aBATCH-DCW$b00$c20171218$lBLL01$h0202
=CAT  \\$a1805-0738$c20190111$lBLL01$h1808
=CAT  \\$a1805-0738$b00$c20190111$lBLL01$h1828
=CAT  \\$aBATCH-UPD$b00$c20191002$lBLL01$h1357
=FIN  \\$aY$d20171218
=LKR  \\$aPAR$lBLL01$r776$b004536556$mMadrigals to five voyces /$nMadrigals to five voyces /
=DGM  \\$a004536556$bCatBridge variable field
=DRT  \\$aDCW
=SRC  \\$aDCW$bDCW_20171217
=OHC  \\$a1
=LAS  \\$aBATCH-UPD$b00$c20191002$lBLL01$h1357

