=LDR  03823 cm a22006257  4500
=001  018649594
=003  Uk
=005  20171218020207.0
=007  cr\mn\024mpada
=008  930323s1594\\\\it\||z\\s\\\\\\\\\\\ita\\
=FMT  \\$a  MU
=019  d\$afa18790001
=040  \\$aUk$beng$cUk
=041  \\$aita
=042  \\$aukblsr
=082  14$a780$215
=130  0\$aCanzonetti a tre voci,$nlibro 1
=245  13$aIl primo libro delle canzonetti a tre voci /$cdi Antonio Morsolino con alcune altre de diversi eccellenti musici.
=264  \1$aVenetia :$bAppresso Ricciardo Amadino,$c1594.
=300  \\$a3 part books ;$c22 x 16 cm (4º)
=336  \\$anotated music$2rdacontent
=337  \\$acomputer$2rdamedia
=338  \\$aonline$2rdacarrier
=340  \\$m4to$2rdabf
=500  \\$aCollection of canzonette in three parts (SSB) with table of contents at the end (SSB).
=500  \\$aCopy at K.3.i.16. Canto I (12 leaves), Canto II (12 leaves), Basso (12 leaves); original foliation: [i, ii], 1-22 p.; paper dimensions: 211 x 153 mm.$5Uk
=500  \\$aCopy at K.3.i.16. Digitised score at http://purl.org/rism/BI/1594/15.$5Uk
=500  \\$aTranscribed title page from canto part book: IL PRIMO LIBRO / DELLE CANZONETTE / A TRE VOCI, / DI ANTONIO MORSOLINO / con alcune altre de diuersi Eccellenti / Musici. / Nouamente composte, & datte in luce. / In Venetia appresso Ricciardo Amadino, / M D XCIIII.
=500  \\$aWith a dedication by Antonio Morsolino to Count Bernardino da Porto, dated 'Venetia il dì 8 di Luglio. 1594.'
=505  0\$aAmorosi pensier sospir ardenti / D'Incerto -- Io ardo si ma'l foco è di tal sorte / Claudio Monteuerde -- Son pur quei tuoi bei lumi o Chiara / Huomo Buono Morsolino -- Come fenice che rinoua al fuoco / Antonio Morsolino -- Cor mio se per dolore / Antonio Morsolino -- Occhi miei se mirar piu non debb'io / Claudio Monteuerde -- S'io non u'amo cor mio / Huomo Buono Morsolino -- Lacci non fur d'Amore / D'Incerto -- Come sperar poss'io / Antonio Morsolino -- Quante son stelle in ciel è in mar arene / Claudio Monteuerde -- Mentre da te mi parto ò mio tesoro (Risposta) Non morirai Dolcissimo ben mio / Huomo Buono Morsolino -- Due Ninfe e duo Pastori / Antonio Morsolino -- Se non mi date aita / Claudio Monteuerde -- Sospir ch'errando doloroso uai / Antonio Morsolino -- Questi tuoi biondi crini / Incerto -- Come lungi da uoi dolce mio bene / Antonio Morsolino -- Fiamme che da begli occhi / Incerto -- Se del fedel seruir nulla n'acquisto / Antonio Morsolino -- Come son uiuo ahime dolce be[n] mio / Antonio Morsolino -- Tibrina bella Tibrina / Oratio Vecchi.
=510  4\$aRISM B/I,$c1594 ¹⁵
=546  \\$aItalian words.
=650  \0$aMadrigals, Italian.
=700  1\$aAmadino, Ricciardo,$dactive 1572-1621,$eprinter.
=700  1\$aMonteverdi, Claudio,$d1567-1643,$ecomposer.
=700  1\$aMorsolino, Huomo Buono,$ecomposer.
=700  1\$aPorto, Bernardino da,$ededicatee.
=700  1\$aVecchi, Orazio,$d1550-1605,$ecomposer.
=752  \\$aItaly$dVenice.$2lcsh/naf
=856  41$uhttp://purl.org/rism/BI/1594/15$yDigitised score
=859  \\$aXLD$bDCW
=852  4\$cDRT$jDigital Store K.3.i.16.$aBritish Library$bMUSIC
=985  \\$aRecord amended for WR# 13/070
=985  \\$aname title to add
=985  \\$aCorrected by MS generated file for WR# 1805-0738
=CAT  \\$aBATCH-DCW$b00$c20171218$lBLL01$h0202
=CAT  \\$a1805-0738$c20190111$lBLL01$h1808
=CAT  \\$a1805-0738$b00$c20190111$lBLL01$h1828
=FIN  \\$aY$d20171218
=LKR  \\$aPAR$lBLL01$r776$b004537555$mIl primo libro delle canzonetti a tre voci /$nIl primo libro delle canzonetti a tre voci /
=DGM  \\$a004537555$bCatBridge variable field
=DRT  \\$aDCW
=SRC  \\$aDCW$bDCW_20171217
=OHC  \\$a1
=LAS  \\$a1805-0738$b00$c20190111$lBLL01$h1828

