=LDR  04388 cm a2200745 a 4500
=001  018649595
=003  Uk
=005  20171218020207.0
=007  cr\mn\024mpada
=008  930323s1521\\\\it\moz\\s\\\\\\\\\\\lat\\
=FMT  \\$a  MU
=019  d\$afa20780008
=040  \\$aUk$beng$cUk
=042  \\$aukblsr
=082  14$a780$215
=245  00$aMotetti, libro primo.
=264  \1$aVenetiis :$bImpressum opera et arte Andreae Antiqui,$c1521.
=300  \\$a4 part books ;$c12 x 17 cm (oblong 8º)
=336  \\$anotated music$2rdacontent
=337  \\$acomputer$2rdamedia
=338  \\$aonline$2rdacarrier
=340  \\$m8vo$2rdabf
=500  \\$a'De profundis clamavi' attributed in this publication to Josquin is attributed in Grove to Nicolas Champion.
=500  \\$aCollection of motets in 4-5 parts.
=500  \\$aCopy at K.8.b.7.(3.). Digitised score at http://purl.org/rism/BI/1521/3.$5Uk
=500  \\$aCopy at K.8.b.7.(3.). Tenor (16 leaves); original foliation: 1-6, 9-11 [12], 11-16; paper dimensions: 108 x 160 mm. Folio numbers 7 and 8 are omitted, but the leaf after 11 is unnumbered and followed by a second 11.$5Uk
=500  \\$aThe tenor part book also contains the 'Tenor secundus' part for Josquin's Miserere mei Deus.
=500  \\$aTranscribed title page from tenor part book: Motetti libro primo.
=500  \\$aWith table of contents.
=505  0\$aPer lignu[m] salui / Jo. mouton -- Miserere mei deus (secunda pars: Audi auditui; Tertia pars: Domine labia) / Josquinnus -- De profundis clamaui (secunda pars: A custodia matutina) / Josquinnus -- O admirabile commertium / Josquinnus -- Quan[n]do natus est / Josquinnus -- Rubu[m] que[m] viderat Moyses / Josquinnus -- Germinauit radix iesse / Josquinnus -- Ecce Maria genuit nobis saluatore[m] / Josquinnus -- Emendemus in melius (Secunda pars: Peccauimus cum patribus) / Richafort -- Felix na[mque] es sacra virgo Maria (secunda pars: O maria mater dei) / Jo. mouton -- Congaude[n]tes exultemus (secunda pars: O beate Nicolae) / Thomas martini -- Queram[us] cu[m] pastoribus (secunda pars: Ubi pascas vbi cubes) / Jo. mouton -- Nuptie facte sunt in cana Galilee / Hottinet barra -- Tua est potentia / Jo. mouton -- Inuiolata integra [et] casta (secunda pars: [Nostra ut pura] quo me flagita[n]t; tertia pars: O benigna o regina / Josquinus.
=510  4\$aFrançois Lesure, ed., Recueils imprimés XVIe-XVII1 siècles (München-Duisberg: G. Henle Verlag 1960),$cVol 1, Liste chronologique
=510  4\$aMartin Picker, ed., The motet books of Andrea Antico (Chicago: University of Chicago Press, 1987),$cdescription on p. 11
=510  4\$aRISM B/I,$c1521 ³
=546  \\$aLatin words.
=650  \0$aMotets.
=700  02$aJosquin,$cdes Prez,$d-1521.$tInviolata, integra et casta es,$mvoices (5)
=700  02$aJosquin,$cdes Prez,$d-1521.$tMiserere mei, Deus, secundum.
=700  02$aJosquin,$cdes Prez,$d-1521.$tO admirabile commercium.
=700  1\$aAntico, Andrea,$dactive 1517,$eprinter.
=700  12$aBarra, Hotinet,$dactive 1510-1523.$tNuptiae factae sunt.
=700  12$aChampion, Nicolas,$dapproximately 1480-1533.$tDe profundis clamavi.
=700  12$aMartini, Thomas,$dactive 1521.$tCongaudentes exultemus.
=700  12$aMouton, Jean,$d-1522.$tFelix namque es.
=700  12$aMouton, Jean,$d-1522.$tPer lignum salvi facti sumus.
=700  12$aMouton, Jean,$d-1522.$tQuaeramus cum pastoribus.
=700  12$aMouton, Jean,$d-1522.$tTua est potentia.
=700  12$aRichafort, Jean,$dactive 1507-1548.$tEmendemus in melius.
=710  2\$aAndrea Antico (Firm),$eprinter.
=752  \\$aItaly$dVenice.$2lcsh/naf
=856  41$uhttp://purl.org/rism/BI/1521/3$yDigitised score
=859  \\$aXLD$bDCW
=852  4\$cDRT$jDigital Store K.8.b.7.(3.)$aBritish Library$bMUSIC
=985  \\$aRecord amended for WR# 13/070
=985  \\$aname heading for Hotinet Barra needs work
=985  \\$aCorrected by MS generated file for WR# 1805-0738
=CAT  \\$aBATCH-DCW$b00$c20171218$lBLL01$h0202
=CAT  \\$a1805-0738$c20190111$lBLL01$h1808
=CAT  \\$a1805-0738$b00$c20190111$lBLL01$h1828
=FIN  \\$aY$d20171218
=LKR  \\$aPAR$lBLL01$r776$b004538625$mMotetti, libro primo.$nMotetti, libro primo.
=DGM  \\$a004538625$bCatBridge variable field
=DRT  \\$aDCW
=SRC  \\$aDCW$bDCW_20171217
=OHC  \\$a1
=LAS  \\$a1805-0738$b00$c20190111$lBLL01$h1828

