=LDR  04518 cm a2200769 a 4500
=001  018649596
=003  Uk
=005  20171218020207.0
=007  cr\mn\024mpada
=008  930323s1521\\\\it\moz\\s\\\\\\\\\\\lat\\
=FMT  \\$a  MU
=019  d\$afa20780009
=040  \\$aUk$beng$cUk
=042  \\$aukblsr
=082  14$a780$215
=245  00$aMotetti, libro quarto.
=264  \1$aVenetiis :$bImpressum opera et arte Andreae Antiqui,$c1521.
=300  \\$a4 part books ;$c12 x 17 cm (oblong 8º)
=336  \\$anotated music$2rdacontent
=337  \\$acomputer$2rdamedia
=338  \\$aonline$2rdacarrier
=340  \\$m8vo$2rdabf
=500  \\$a'Rex autem David' attributed in this publication to Mathieu Gascongne is attributed in Grove to Jean de La Fage; 'Verbum bonum et suave' attributed in this publication to Jean de La Fage is attributed in Grove to Pierrequin de Thérache.
=500  \\$aCollection of motets for 4 voices (SATB).
=500  \\$aCopy at K.8.b.7.(4.). Digitised score at http://purl.org/rism/BI/1521/5.$5Uk
=500  \\$aCopy at K.8.b.7.(4.). Tenor (14 leaves); original foliation: 17-30; paper dimensions: 108 x 160 mm.$5Uk
=500  \\$aTranscribed title page from tenor part book: Motetti libro quarto.
=500  \\$aWith a table of contents.
=505  0\$aSalve regina misericordie (secunda pars: Eya ergo aduccata; tertia pars: Et Jesu[m] benedictum) / Josquinus -- Ave fuit prima salus (secunda pars: Domin[us] ab initio) -- Ave virgo singularis (secunda pars: [Ave, gemma, celi luminarum] Ave sancti spiritus) / Jo. dela fage -- Verbum bonum [et] suave / Jo. dela fage -- Factu[m] est silentium in celo (secunda pars: Du[m] sac[rum] misteriu[m] / Jo.mouton -- In illo tempore maria Magdalene (secunda pars: Dic nob[is] maria) / Jo. mouton -- Christe redemptor o rex omnipotens (secunda pars: O excelsa trinitas) / io. mouton -- Iocundare ierusalem (secunda pars: Cu[m] igitur natus) / io. mouton -- Sancte Sebastiane (secunda pars: Beate Sebastiane) / io. mouton -- Partus [et] integritis / Jo. dela fage -- In illo tempore post[quam] [con]sumati / Seb. festa -- Qua[m] p[u]lchra es / Const. festa -- Nunc dimit[tis] [ser]uum tuu[m] / Const. festa -- In omni tribulatione -- Rex aut[m] Davit / Gascogne.
=510  4\$aFrançois Lesure, ed., Recueils imprimés XVIe-XVII1 siècles (München-Duisberg: G. Henle Verlag 1960),$cVol 1, Liste chronologique
=510  4\$aMartin Picker, ed., The motet books of Andrea Antico (Chicago: University of Chicago Press, 1987,$cdescription on p. 12
=510  4\$aRISM B/I,$c1521 ⁵
=546  \\$aLatin words.
=650  \0$aMotets.
=700  02$aJosquin,$cdes Prez,$d-1521.$tSalve Regina,$mvoices (4)
=700  02$aPierrequin,$cde Thérache,$dapproximately 1465-1528.$tVerbum bonum et suave.
=700  1\$aAntico, Andrea,$dactive 1517,$eprinter.
=700  12$aFesta, Costanzo,$d-1545.$tNunc dimittis.
=700  12$aFesta, Costanzo,$d-1545.$tQuam pulchra es.
=700  12$aFesta, Sebastiano,$d-1524.$tIn illo tempore.
=700  12$aLa Fage, Jean de,$dactive approximately 1515-1535.$tAve mundi spes.
=700  12$aLa Fage, Jean de,$dactive approximately 1515-1535.$tPartus et integritas.
=700  12$aLa Fage, Jean de,$dactive approximately 1515-1535.$tRex autem David.
=700  12$aMouton, Jean,$d-1522.$tAve fuit prima salus.
=700  12$aMouton, Jean,$d-1522.$tFactum est silentium.
=700  12$aMouton, Jean,$d-1522.$tIn illo tempore Maria Magdalena.
=700  12$aMouton, Jean,$d-1522.$tIn omni tribulatione.
=700  12$aMouton, Jean,$d-1522.$tJocundare Jerusalem.
=700  12$aMouton, Jean,$d-1522.$tO Christe redemptor.
=700  12$aMouton, Jean,$d-1522.$tSancte Sebastiane, ora pro nobis.
=710  2\$aAndrea Antico (Firm),$eprinter.
=752  \\$aItaly$dVenice.$2lcsh/naf
=856  41$uhttp://purl.org/rism/BI/1521/5$yDigitised score
=859  \\$aXLD$bDCW
=852  4\$cDRT$jDigital Store K.8.b.7.(4.)$aBritish Library$bMUSIC
=985  \\$aRecord amended for WR# 13/070
=985  \\$aCorrected by MS generated file for WR# 1805-0738
=CAT  \\$aBATCH-DCW$b00$c20171218$lBLL01$h0202
=CAT  \\$a1805-0738$c20190111$lBLL01$h1808
=CAT  \\$a1805-0738$b00$c20190111$lBLL01$h1828
=FIN  \\$aY$d20171218
=LKR  \\$aPAR$lBLL01$r776$b004538626$mMotetti, libro quarto.$nMotetti, libro quarto.
=DGM  \\$a004538626$bCatBridge variable field
=DRT  \\$aDCW
=SRC  \\$aDCW$bDCW_20171217
=OHC  \\$a1
=LAS  \\$a1805-0738$b00$c20190111$lBLL01$h1828

