=LDR  04622ccm a22007337  4500
=001  018649597
=003  Uk
=005  20171218020207.0
=007  cr\mn\024mpada
=008  930323s1549\\\\it\||z\\s\\\\\\\\\\\lat\\
=FMT  \\$a  MU
=019  d\$afa20780021
=040  \\$aUk$beng$cUk
=041  \\$alat
=042  \\$aukblsr
=082  14$a780$215
=245  00$aMusica quatuor vocum que materna lingua moteta vocantur /$cab optimis & varijs authoribus elaborata, paribus vocibus decantanda nunc primum soliciti cura in lucem producta. Cum quatuor vocibus.
=264  \1$aVenetijs :$bApud Antonium Gardane,$c1549.
=300  \\$a4 part books ;$c16 x 22 cm (oblong 4º)
=336  \\$anotated music$2rdacontent
=337  \\$acomputer$2rdamedia
=338  \\$aonline$2rdacarrier
=340  \\$m4to$2rdabf
=500  \\$aCollection of motets in four parts (SATB).
=500  \\$aCopy at K.4.d.2. Digitised score at http://purl.org/rism/BI/1549/9.$5Uk
=500  \\$aCopy at K.4.d.2. SVPERIUS (16 leaves); ALTVS (16 leaves); TENOR (16 leaves); BASSVS: (16 leaves); original foliation: Superius, altus, tenor: [1-2] 1-29 [30]; paper dimensions: 153 x 215 mm.$5Uk
=500  \\$aTranscribed title page from superius part book: SVPERIVS / MVSICA QVATVOR VOCVM QVE / Materna Lingua Moteta Vocantur ab optimis & uarijs Authoribus / elaborata, Paribus Vocibus decantanda Nunc Primum / soliciti cura in Lucem Producta. / CVM QVATVOR VOCIBVS / Venetijs Apud / Antonium Gardane. / 1549.
=500  \\$aWith index.
=505  0\$aMissus est Archangelus gabriel (secunda pars: Respondit Archangelo uirgo) / Ihan Gero -- Hodie scietis quia ueniet (secunda pars: Crastina die delebitur iniquitas) / Ihan Gero -- Peccantem me quotidie (secunda pars: Deus in nomine tuo) / Ihan Gero -- Regine celi letare / [Anon -- Quam pulchra es et quam decora / N. Gombert -- Vidi spetiosam / [Anon] -- Deus uenerunt gentes (secunda pars: Effunde iram tuam ingentes; tertia pars: Adiuua nos deus salutaris) / Consilium -- Deus ultionum domine (secunda pars: Intelligite insipientes) / Concilium -- Cum inducerent puerum Iesum / Ihan Gero -- Omnes sancti tui quesimus / Iachet -- O qua[m] ueneranda es uirgo marina / Ihan Gero -- O beatum pontificem Martinum / Ihan Gero -- Ad tua confugio supplex / Adriano -- Valde honorandus est / D. Finot -- Angustie mihi sunt / Do. Finot -- Candida uirginitas paradisi (secunda pars: Que meruit dominum) / Morales -- Tota pulchra es amica mea / Adriano -- Tanto tempore uobisum sum / Do. Finot -- Panis quem ego dabo / Yvo -- Veni domine & noli tardare / Verdelot.
=510  1\$aHarry B. Lincoln, The Latin Motet: Indexes to Printed Collections, 1500-1600 (Ottawa: Institute of Medieval Music, 1993).
=510  4\$aMary S. Lewis, Antonio Gardana Venetian Music Printer 1538-1569: A Descriptive and Historical Study (New York: Garland, 1988), Volume 1: 1538-1569,$cno. 141.
=510  4\$aRISM B/I,$c1549 ⁹
=546  \\$aLatin words.
=650  \0$aMotets.
=700  0\$aJacquet,$cof Mantua,$d1483-1559,$ecomposer.
=700  0\$aIvo Barry,$dactive 1525-1550,$ecomposer.
=700  1\$aConseil, Jean,$d1498 or 1501-1534,$ecomposer.
=700  1\$aGardane, Antonio,$d1509-1569,$eprinter.
=700  1\$aGero, Ihan,$dactive 1540-1555,$ecomposer.
=700  1\$aGombert, Nicolas,$dactive 16th century,$ecomposer.
=700  1\$aMorales, Cristóbal de,$dapproximately 1500-1553,$ecomposer.
=700  1\$aPhinot, Dominique,$dapproximately 1510-approximately 1555,$ecomposer.
=700  1\$aVerdelot, Philippe,$d-approximately 1565,$ecomposer.
=700  1\$aWillaert, Adrian,$d1490?-1562,$ecomposer.
=752  \\$aItaly$dVenice.$2lcsh/naf
=856  41$uhttp://purl.org/rism/BI/1549/9$yDigitised score
=859  \\$aXLD$bDCW
=852  4\$cDRT$jDigital Store K.4.d.2$aBritish Library$bMUSIC
=985  \\$aRecord amended for WR# 13/070
=985  \\$aname title to add
=985  \\$aCorrected by MS generated file for WR# 1805-0738
=CAT  \\$aBATCH-DCW$b00$c20171218$lBLL01$h0202
=CAT  \\$a11814$b40$c20180919$lBLL01$h1042
=CAT  \\$aBATCH-UPD$b40$c20180919$lBLL01$h1043
=CAT  \\$a1805-0738$c20190121$lBLL01$h1743
=CAT  \\$a1805-0738$b00$c20190121$lBLL01$h1745
=CAT  \\$aBATCH-UPD$b00$c20220605$lBLL01$h2138
=FIN  \\$aY$d20171218
=LKR  \\$aPAR$lBLL01$r776$b004538637$mMusica quatuor vocum que materna lingua moteta vocantur /$nMusica quatuor vocum que materna lingua moteta vocantur /
=DGM  \\$a004538637$bCatBridge variable field
=DRT  \\$aDCW
=SRC  \\$aDCW$bDCW_20171217
=OHC  \\$a1
=LAS  \\$aBATCH-UPD$b00$c20220605$lBLL01$h2138

