=LDR  04674 cm a2200769 a 4500
=001  018649598
=003  Uk
=005  20171218020207.0
=007  cr\mn\024mpada
=008  930323s1525\\\\fr\moz\\s\\\\\\\\\\\lat\\
=FMT  \\$a  MU
=019  d\$afa20780064
=040  \\$aUk$beng$cUk
=042  \\$aukblsr
=082  14$a780$215
=100  1\$aLayolle, Francesco de,$d1492-approximately 1540.
=240  10$aMotets.$kSelections
=245  13$a[A book of 12 motets /$cby Francesco de Layolle?]
=264  \1$a[Lyon?] :$bs.n,$c[ca. 1525]
=300  \\$apart books ;$c12 x 17 cm (oblong 8º)
=336  \\$anotated music$2rdacontent
=337  \\$acomputer$2rdamedia
=338  \\$aonline$2rdacarrier
=340  \\$m8vo$2rdabf
=500  \\$a'Ave Virgo sanctissima' is labelled 'Canon. Erunt duo in carne una'; 'O admirabile co[m]mertium' is labelled as for five voices; 'Stabat Mater dolorosa' has a tenor secundus part labelled 'Tenor secundus. Super la sol fa re mi'.
=500  \\$aCollection of motets in 4-5 parts attributed to Francesco de Layolle.
=500  \\$aCopy at K.8.b.7.(5.). Digitised score at http://purl.org/rism/1521/NOT/IN/RISM.$5Uk
=500  \\$aCopy at K.8.b.7.(5.). Tenor (19 leaves); original pagination: [1-2] iii- xxvii (odd numbers only), xxviii [29] xxx [31-38]; paper dimensions: 108 x 160 mm.$5Uk
=500  \\$aNot in RISM.
=500  \\$aThe final leaf is printed with blank staves.
=500  \\$aThe tenor part book is the only known part book extant.
=500  \\$aTranscribed title page from tenor part book: TENOR.
=500  \\$aWith table of contents.
=505  0\$aO Domine Jesu Christe propter illam amaritudinem -- O Clara virgo Christi gloriosa -- Passio tua domine refugium ultima singulare remedium (secunda pars: Venite sitientes ad fontem vinum) -- In illo tempore extollens (secunda pars: Beatus venter qui te porta) -- Iubilate deo omnis terra -- Averte domine afflictionem servo tuo (secunda pars: Ego dixi simper dominus protector meus) -- Confiteantur tibi populi omnes (secunda pars: Confumetur os vestrum in exultstione) -- O admirabile co[m]mertium cerator generis humani -- Celorum ca[n]dor splenduit novu[m]sydus emicuit (secunda pars: Signasti domine serum tuum Franciscsi) -- O Bone Jesu salvator mu[n]di -- Ave virgo sanctissima dei mater maris stella -- Stabat mater dolorosa iuxta (secunda pars: Eya mater fons amoris; tertia pars: Virgo virginum preclara mihi).
=510  4\$aLaurent Guillo, Les editions musicales de la Renaissance Lyonnaise, (Paris: Klincksieck, 1991), Bibliographie des editions musicales,$cNo. 1
=510  4\$aSamuel F. Pogue, 'The Earliest Music Printing in France', Huntington Library Quarterly 50 (1987),$cpp. 35-57
=546  \\$aLatin words.
=650  \0$aMotets.
=700  12$aLayolle, Francesco de,$d1492-approximately 1540.$tAve Virgo sanctissima.
=700  12$aLayolle, Francesco de,$d1492-approximately 1540.$tAverte Domine afflictionem servo tuo.
=700  12$aLayolle, Francesco de,$d1492-approximately 1540.$tCelorum candor splenduit.
=700  12$aLayolle, Francesco de,$d1492-approximately 1540.$tConfiteantur tibi populi omnes.
=700  12$aLayolle, Francesco de,$d1492-approximately 1540.$tIn illo tempore extollens.
=700  12$aLayolle, Francesco de,$d1492-approximately 1540.$tJubilate Deo omnis terra.
=700  12$aLayolle, Francesco de,$d1492-approximately 1540.$tO Bone Jesu salvator mundi.
=700  12$aLayolle, Francesco de,$d1492-approximately 1540.$tO Clara virgo Christi.
=700  12$aLayolle, Francesco de,$d1492-approximately 1540.$tO Domine Jesu Christe.
=700  12$aLayolle, Francesco de,$d1492-approximately 1540.$tO admirabile commercium.
=700  12$aLayolle, Francesco de,$d1492-approximately 1540.$tPassio tua Domine.
=700  12$aLayolle, Francesco de,$d1492-approximately 1540.$tStabat mater dolorosa.
=752  \\$aFrance$dLyon.$2lcsh/naf
=856  41$uhttp://purl.org/rism/1521/NOT/IN/RISM$yDigitised score
=859  \\$aXLD$bDCW
=852  4\$cDRT$jDigital Store K.8.b.7.(5.)$aBritish Library$bMUSIC
=985  \\$aCorrected by BSS-generated file
=985  \\$aRecord amended for WR# 13/070
=985  \\$aCorrected by MS generated file for WR# 1805-0738
=CAT  \\$aBATCH-DCW$b00$c20171218$lBLL01$h0202
=CAT  \\$a1805-0738$c20190111$lBLL01$h1808
=CAT  \\$a1805-0738$b00$c20190111$lBLL01$h1828
=FIN  \\$aY$d20171218
=LKR  \\$aPAR$lBLL01$r776$b004538680$m[A book of 12 motets /$n[A book of 12 motets /
=DGM  \\$a004538680$bCatBridge variable field
=DRT  \\$aDCW
=SRC  \\$aDCW$bDCW_20171217
=OHC  \\$a1
=LAS  \\$a1805-0738$b00$c20190111$lBLL01$h1828

