=LDR  06321 cm a22008177  4500
=001  018649599
=003  Uk
=005  20171218020207.0
=007  cr\mn\024mpada
=008  930323s1538\\\\it\||z\\s\\\\\\\\\\\lat\\
=FMT  \\$a  MU
=019  d\$afa20780066
=040  \\$aUk$beng$cUk
=041  \\$alat
=042  \\$aukblsr
=082  14$a780$215
=245  00$aTriginta Nouem Motetos habet :$but in sequen ti indice demonstratur.
=264  \1$aImpressum Ferrari :$bIn Aedibus Francisci Rubei de Valentia, expensis & labore Ioannis de Buglhat, Henrici de Campis, et Anthonii Hucher, Sociorum,$c1538.
=300  \\$a4 part books ;$c17 x 24 cm (oblong 4º)
=336  \\$anotated music$2rdacontent
=337  \\$acomputer$2rdamedia
=338  \\$aonline$2rdacarrier
=340  \\$m4to$2rdabf
=500  \\$aA collection of motets in four parts.
=500  \\$aAttribution for 'Vnum cole deum' from the New Grove work list for Jacquet of Mantua. Spes salutis pacis attributed to Johannes Lupi both by Harry Lincoln and by Bonnie Blackburn in New Grove
=500  \\$aCopy at K.4.g.4. CANTVS (36 leaves), ALTVS (36 leaves), TENOR (36 leaves), BASSVS (36 leaves); original foliation in each part book: [1], 2-36 f.$5Uk
=500  \\$aCopy at K.4.g.4. Digitised score at http://purl.org/rism/BI/1538/5.$5Uk
=500  \\$aThe first page of each part book bears a woodcut bearing the letters C, A, T, B in the centre; on the verso is a fleur-de-lys, printed in black; on f. 2r is a dedication to Hercules ii., Duke of Ferrara.
=500  \\$aTranscribed colophon: Impressum Ferrariae In Aedibus Francisci Rubei de Valentia / Expensis & Labore, Ioannis de Buglhat, Henrici de Campis, / Et Anthonii, Hucher, Sociorum, Mense Martii. / Anno Domini. / 1538. / CVM GRATIA ET PRIUILEGIO. / SERENISSIMI ET ILLUSTRISSIMI / PRINCIPIS HERCULIS. II. / DVCIS FERRARIAE / .IIII.
=500  \\$aTranscribed title page from Cantus part book, fol. 3v.: LIBER CANTVS (VOCVM QVATVOR) TRIGINTA / NOVEM MOTETOS HABET, VT IN SEQVEN / TI INDICE DEMONSTRATUR.
=505  0\$aVnum cole deum (secunda pars: Non sis occisor) -- Si bona suscepimus (secunda pars: Nudus egressus su[m]) / Lheritier -- Qua[m] pulchra es (secunda pars: Veni dilecte) / Lupi -- Iohannes apostolus (secunda pars: Ecclesiam tuam [quae]sumus) / Adrian vuillart -- Adonay d[omi]ne deus / Iacquet -- Filie iherusalem venite (secunda pars: Qvonia[m] co[n]fortauit) / Archadet -- Deus ca[n]ticu[m] nouu[m] / Lupus -- Domine si tu es (secunda pars: Cun[que] uidesset ue[n]tu[m]) / Gombert -- O Gloriosa domina (secunda pars: Tu Regis alti ianua) / Archadet -- Funde p[re]ces (secunda pars: Tota es formosa) / Maistre Ian -- Miserere mei domine (secunda pars: Miserere mei deus secu[n]du[m]) / Claudin -- Benedicat te d[omi]n[u]s (secunda pars: Benedicite deu[m] celi) / Lheritier -- Ecce amica mea (secunda pars: Flores app[ar]ueru[n]t) / Maistrr Ian -- Fratres Ego enim accepi (secunda pars: Similiter et calice[m]) / Iacquet -- Mirabile misterium / Adrian Vuillart -- Visita quesumus d[omi]ne / Adrian Vuillart -- Beata dei genitrix (secunda pars: Et beata que credidit) / Lheritier -- Congratulamini michi o[m]nes (secunda pars: Recedentibus discipulis) / Adrian Vuillart -- Ad te d[omi]ne leuaui (secunda pars: Reminiscere miserationu[m] / Claudin -- Sancta et imaculata uirginitas / Hedin (Hesdin in index) -- Magnum hereditas misterium / Adrian Vuillart -- Audi dulcis amica mea (secunda pars: Veni plena gratie) / Iacquet -- Preparate corda vestra (secunda pars: Conuertimini ad me) / Maistre Ian -- Spes salutis pacis (secunda pars: Tu es eni[m] decus / Lupus -- Saluu[m] me fac d[omi]ne (secunda pars: Propter miseriam in opum) / Gombert -- Senex pueru[m] portabat (secunda pars: Hodie beata [vir]go maria) / Lheritier --Angelus d[omi]ni desce[n]dit / Io. Gallus -- Alleluya surrexit d[omi]n[u]s (Secunda pars: Qui fecit celu[m] et terra[m]) (Title from Tenor) / Iacquet -- Salue mater saluatoris / Lheritier -- In tua patie[n]tia
=510  1\$aHarry B. Lincoln, The Latin Motet: Indexes to Printed Collections, 1500-1600 (Ottawa: Institute of Medieval Music, 1993)
=510  4\$aRISM B/I,$c1538 ⁵
=546  \\$aLatin words.
=650  \0$aMotets.
=700  0\$aErcole$bII d'Este,$cDuke of Ferrara, Modena, and Reggio,$d1508-1559,$ededicatee.
=700  0\$aJacquet,$cof Mantua,$d1483-1559,$ecomposer.
=700  0\$aLupus,$dactive 1518-1530,$ecomposer.
=700  0\$aMaistre Jhan,$dapproximately 1485-1538,$ecomposer.
=700  1\$aArcadelt, Jacob,$dapproximately 1505-1568,$ecomposer.
=700  1\$aBuglhat, Johannes de,$eprinter.
=700  1\$aDe Campis, Henrico,$dactive 16th century,$eprinter.
=700  1\$aGallus, Joannes,$dactive 16th century,$ecomposer.
=700  1\$aGombert, Nicolas,$dactive 16th century,$ecomposer.
=700  1\$aHesdin, Nicolle des Celliers d',$d-1538,$ecomposer.
=700  1\$aHucher, Antonio,$dactive 16th century,$eprinter.
=700  1\$aJanequin, Clément,$dapproximately 1495-approximately 1560,$ecomposer.
=700  1\$aLhéritier, Jean,$ecomposer.
=700  1\$aLupi, Johannes,$d-1539,$ecomposer.
=700  1\$aPhinot, Dominique,$dapproximately 1510-approximately 1555,$ecomposer.
=700  1\$aRossi, Francesco,$cdi Valenza,$dactive 1521-1573,$eprinter.
=700  1\$aSermisy, Claudin de,$dapproximately 1490-1562,$ecomposer.
=700  1\$aWillaert, Adrian,$d1490?-1562,$ecomposer.
=752  \\$aItaly$dFerrara.$2lcsh/naf
=856  41$uhttp://purl.org/rism/BI/1538/5$yDigitised score
=859  \\$aXLD$bDCW
=852  4\$cDRT$jDigital Store K.4.g.4$aBritish Library$bMUSIC
=985  \\$aEarly Music Online project
=985  \\$aRecord amended for WR# 13/070
=985  \\$aname title to add
=985  \\$aCorrected by MS generated file for WR# 1805-0738
=CAT  \\$aBATCH-DCW$b00$c20171218$lBLL01$h0202
=CAT  \\$a1805-0738$c20190111$lBLL01$h1808
=CAT  \\$a1805-0738$b00$c20190111$lBLL01$h1828
=FIN  \\$aY$d20171218
=LKR  \\$aPAR$lBLL01$r776$b004538682$mTriginta Nouem Motetos habet : ut in sequen ti indice demonstratur.$nTriginta Nouem Motetos habet : ut in sequen ti indice demonstratur.
=DGM  \\$a004538682$bCatBridge variable field
=DRT  \\$aDCW
=SRC  \\$aDCW$bDCW_20171217
=OHC  \\$a1
=LAS  \\$a1805-0738$b00$c20190111$lBLL01$h1828

