=LDR  05091 cm a22007097  4500
=001  018649600
=003  Uk
=005  20171218020207.0
=007  cr\mn\024mpada
=008  930323s1538\\\\gw\||z\\s\\\\\\\\\\\lat\\
=FMT  \\$a  MU
=019  d\$afa20780067
=040  \\$aUk$beng$cUk
=041  \\$alat$glat
=042  \\$aukblsr
=082  14$a780$215
=130  0\$aMotets.$kSelections
=245  10$aModulationes aliquot quatuor vocum selectissimae, quas vulgo Modetas vocant, à praestantiss :$bMusicis compositae, iam primum typis excusae.
=264  \1$aNorimbergæ :$bApud Iohan. Petreium,$c1538.
=300  \\$a4 part books ;$c15 x 21 cm (oblong 4º)
=336  \\$anotated music$2rdacontent
=337  \\$acomputer$2rdamedia
=338  \\$aonline$2rdacarrier
=340  \\$m4to$2rdabf
=500  \\$aCollection of 16 motets in four parts (DCTB).
=500  \\$aCopy at K.8.b.12. Digitised score at http://purl.org/rism/BI/1538/7.$5Uk
=500  \\$aCopy at K.8.b.12. Discantvs (28 leaves), Contratenor (30 leaves), Tenor (29 leaves), Bassus (25 leaves); paper dimensions: 140 x 200 mm.$5Uk
=500  \\$aIn "Si bona suscepimus" the parts shift to DATB. Tenor voice is included in Contratenor book, the Altus included in tenor book.
=500  \\$aThe piece "Iudea & Hierusalem" is listed as composed by Isaac. Grove lists this piece as doubtfully by Isaac; however, Grove does not list these part books as a source. Grove entry for Isaac's works reads: "Judaea et Jerusalem, 4vv, attrib. Isaac in LEu Thomaskirche 51, Z 94, attrib. Obrecht in Dl 1/D/505, ?by neither". These part books could, in fact, provide another piece of evidence that "Iudea & Hierusalem" is by Isaac.
=500  \\$aTranscribed title page from tenor part book: MODVLATIONES / ALIQVOT QVATVOR VOCVM SE= / LECTISSIMAE, QVAS VVLGO MODETAS VO / cant, à praestantiss. Musicis compositae, iam primum typis excusae. / TENOR / Norimbergae apud Iohan. Petreium, anno / salutis M.D.XXXVIII. / Cum Gratia & Priuilegio Imperiali / ad quinquennium.
=500  \\$aWith a preface dated September 1536, and table of contents listing pieces in order of appearance in the book. Table of contents and preface are in tenor book only.
=505  0\$aPater noster qui es in coelis (secunda pars: Aue Maria gratia plena) / Adrianus Vuillart -- Misit Herodes (secunda pars: Petr[us] aute[m] -- Que[m] dicu[n]t homines (secunda pars: Petre diligis) / Iohan Richafort -- Peccata mea Domine (secunda pars: Quoniam iniquitatem meam) / Iohan Richafort -- Si bona suscepimus / Claudin -- Inuiolata integra (secunda pars: Nostra ut pura pectora) / Adrianus Vuillart -- Miserere mei Domine (secunda pars: Et anima mea turbata) -- In pace in idipsum (secunda pars: Si dedero somnu[m] oculis) (tertia pars: Dormiam & requiescam) / C. Rein -- Accessit ad pedes Iesu (secunda pars: Et osculata est) (tertia pars: Dimissa sunt ei peccata) / Isaac - Dilectus Deo & hominibus (secunda pars: Christus purgauit peccata) / [Iosquin] -- Heu mihi Domine (secunda pars: Anima mea turbata) -- Cur quisq[am] corradat / S. Mahu -- Stetit autem Salomon (secunda pars: Benedic Domine) / Iosquin -- Hodie Christus natus est (secunda pars: O magnum mysterium) -- Iudea & Hierusalem (secunda pars: Cras egrediemini & Dominus) (tertia pars: Constantes esto te) / [Isaac] -- Tria sunt munera preciosa (secunda pars: Reges Tharsis) / Goessen Ionckers.
=510  4\$aRISM B/I,$c1538 ⁷
=546  \\$aLatin words.
=650  \0$aMotets
=700  0\$aJosquin,$cdes Prez,$d-1521,$ecomposer.
=700  1\$aIsaac, Heinrich,$dapproximately 1450-1517,$ecomposer.
=700  1\$aJonckers, Goessen,$ecomposer.
=700  1\$aMahu, Stephan,$d-1541?,$ecomposer.
=700  1\$aPetrejus, Johannes,$d1497-1550,$eprinter.
=700  1\$aRein, Conrad,$dapproximately 1475-approximately 1522,$ecomposer.
=700  1\$aRichafort, Jean,$dactive 1507-1548,$ecomposer.
=700  1\$aSermisy, Claudin de,$dapproximately 1490-1562,$ecomposer.
=700  1\$aWillaert, Adrian,$d1490?-1562,$ecomposer.
=752  \\$aGermany$dNuremberg.$2lcsh/naf
=856  41$uhttp://purl.org/rism/BI/1538/7$yDigitised score
=859  \\$aXLD$bDCW
=852  4\$cDRT$jDigital Store K.8.b.12$aBritish Library$bMUSIC
=985  \\$aEarly Music Online project
=985  \\$aRecord amended for WR# 13/070
=985  \\$aname title to add
=985  \\$aCorrected by MS generated file for WR# 1805-0738
=CAT  \\$aBATCH-DCW$b00$c20171218$lBLL01$h0202
=CAT  \\$a1805-0738$c20190111$lBLL01$h1808
=CAT  \\$a1805-0738$b00$c20190111$lBLL01$h1828
=FIN  \\$aY$d20171218
=LKR  \\$aPAR$lBLL01$r776$b004538683$mModulationes aliquot quatuor vocum selectissimae, quas vulgo Modetas vocant, à praestantiss : Musicis compositae, iam primum typis excusae.$nModulationes aliquot quatuor vocum selectissimae, quas vulgo Modetas vocant, à praestantiss : Musicis compositae, iam primum typis excusae.
=DGM  \\$a004538683$bCatBridge variable field
=DRT  \\$aDCW
=SRC  \\$aDCW$bDCW_20171217
=OHC  \\$a1
=LAS  \\$a1805-0738$b00$c20190111$lBLL01$h1828

