=LDR  05954 cm a22007337  4500
=001  018649601
=003  Uk
=005  20171218020207.0
=007  cr\mn\024mpada
=008  930323s1538\\\\gw\||z\\s\\\\\\\\\\\lat\\
=FMT  \\$a  MU
=019  d\$afa20780068
=040  \\$aUk$beng$cUk
=041  \\$alat
=042  \\$aukblsr
=082  14$a780$215
=245  00$a[Selectae harmoniae quatuor vocum de Passione Domini]
=264  \1$a[Vittenbergae] :$bApud Georgium Rhau,$c[1538]
=300  \\$a4 part books ;$c15 x 21 cm (oblong 4º)
=336  \\$anotated music$2rdacontent
=337  \\$acomputer$2rdamedia
=338  \\$aonline$2rdacarrier
=340  \\$m4to$2rdabf
=500  \\$aCollection of motets and excerpts from mass movements. Of the eighteen listed works, one is by Johannes Galliculus, one by Jacob Obrecht, mass movements are by Compere, one by Heinrich Isaac, one by Johann Walter, three by Ludwig Senfl, two by Cellarius, one by Eckel, one by Lemlin, one by Stoel, one by Lemlin, and five are unknown.
=500  \\$aCopy at K.4.d.15. Altus (51 leaves); paper dimensions: 145 x 195 mm;$5Uk
=500  \\$aCopy at K.4.d.15. Digitised score at http://purl.org/rism/BI/1538/1.$5Uk
=500  \\$aMass movements and movements from other larger works are listed individually. The roman numerals are in the original text and show to which work the movements belong.
=500  \\$aThe full title and imprint appear only in the tenor part.
=500  \\$aTranscribed title page from alto part book: ALTUS. / Adde mihi socium flectentem murmura Baslum, / Tristiciam dices, haec quo[que] Musa leuat. / Quo magis ille premit, magis hoc ego subleuo vocem, / Edimus harmonicum sic tamen ambo melos.
=505  0\$aI. Passio Domini nostri Jesu Christi (secunda pars: Apprehendit ergo) (tertia pars: Orabatautem Iesus pro crucifi) / Ioannes Galliculus -- II. Passio Domini nostri Jesu Christi (secunda pars: Apprehendit ergo) (tertia pars: Orabat autem Iesus) / Iacobus Obrecht -- III. Gloria ari oportet (versus: Illuminet vultu[m] suum super nos) -- IIII. Semet ipsum Dominus noster Iesus Christus (VERSVS: In aeternum cantabo) -- Kyrie eleyson -- Et in terra pax (Domine Deus agnus dei) (Quoniam tu solus) - Alleluia -- Averex noster tu solus -- Ave Iesu Christe qui pro redemptione mundi (Ave Iesu Chrite qui vinculis) (Ave Iesu Christe qui flagellis) (Ave Iesu Christe qui felle) (Da nobis miseris peccatoribus) (Da nobis tecum conregnare) -- Factorem coeli & terrae -- Sanctus Dominus -- Benedictus qui venit -- Agnus Dei qui tollis (Agnus secundum: Agnus Dei qui tollis) -- Et pedes meos -- V. Crux triu[m]phans decus potentium / Compere -- Iesus nomen dignum triumphale -- In nomine Iesu - Adormanus Christe & benedicimus tibi -- Patris sapienti a veritas diuina -- Hora prima ductus est -- Crucifige clamitant hora tertia -- Hora sexta Iesus est -- Hora nona Dominus Iesus -- De cruce deponitur -- Hora completo -- VI. Ain. Expandi meanus -- Phe. Plauseru[n]t super memanibus -- Kvph. Compleuit Dominus furorem suum -- Schin. Prophetae tui viderunt -- Thav. Errauerunt coeci in plateis -- Aleph. Recedite polluti clamauerunt eis -- Beth. No[n] credideru[n]t reges terrae -- Gimel. Ad dominum leuemus -- Daleth. Haec recolens in corde meo -- He. Bonus est Dominus sperantibus -- VII. Oratio Ieremiae Prophetae (Patres nostri peccauerunt: Mulie res in Syon: Cecidit corona capitis nostri) / H. Isaac -- VIII. Rex Christe factor omnium Redemptor / Ioannes Vvalther --
=505  0\$aIX. In gressus Pilatus (Repetitio: Et cum indurus fuisset) (VERSVS: Tunc ait illis Pilatus Regem) / Ludovicus Senfl -- X. Tenebrae fact[ae] sunt (Et incliuato capite) (REPETITIO: Tunc vnus ex militibus) (VERSVS: Et velum templi scissum est) / Ludovicus Senfl -- XI. Popvle meus (Agyos O Theos) (Sanctvs, Deus) (Qvi aeduxi te) (Qvid vltra debui facere) -- XII. O Morsero mors tua / Simon Cellarius -- (XIII missing) Dvm fabricator mundi -- XIIII. O Bone Iesus (Vt permaneat quod tu) / Ludovicus Senfl -- XV. O admira bile precium / Matthias Eckel -- XVI. In manus tuas Domine (Repetitio: Commendo spiritum meum.) (VERSVS: Rede misti me Domine Deus) / Laurentius Lemlin -- XVII. Veri adorato res / Simon Cellarius -- XVIII. O Blatus est / Ioannes Stoel.
=510  4\$aRISM B/I,$c1538 ¹
=546  \\$aLatin words.
=650  \0$aSacred vocal music
=700  1\$aCellarius, Simon,$ecomposer.
=700  1\$aCompère, Loyset,$dapproximately 1445-1518,$ecomposer.
=700  1\$aDietrich, Sixtus,$dapproximately 1493-1548,$e[arranger].
=700  1\$aEckel, Mathias,$dactive 1516-1545,$ecomposer.
=700  1\$aGalliculus, Johannes,$dactive 16th century,$ecomposer.
=700  1\$aIsaac, Heinrich,$dapproximately 1450-1517,$ecomposer.
=700  1\$aLemlin, Lorenz,$dapproximately 1495-$ecomposer.
=700  1\$aObrecht, Jacob,$d-1505,$ecomposer.
=700  1\$aRhaw, Georg,$d1488-1548,$eprinter.
=700  1\$aSenfl, Ludwig,$dapproximately 1486-1542 or 1543,$ecomposer.
=700  1\$aStoel, Ioannes,$ecomposer.
=700  1\$aWalter, Johann,$d1496-1570,$ecomposer.
=752  \\$aGermany$dWittenberg.
=856  41$uhttp://purl.org/rism/BI/1538/1$yDigitised score
=859  \\$aXLD$bDCW
=852  4\$cDRT$jDigital Store K.4.d.15$aBritish Library$bMUSIC
=985  \\$aEarly Music Online project
=985  \\$aRecord amended for WR# 13/070
=985  \\$aname title to add
=985  \\$aCorrected by MS generated file for WR# 1805-0738
=CAT  \\$aBATCH-DCW$b00$c20171218$lBLL01$h0202
=CAT  \\$a1805-0738$c20190111$lBLL01$h1808
=CAT  \\$a1805-0738$b00$c20190111$lBLL01$h1828
=FIN  \\$aY$d20171218
=LKR  \\$aPAR$lBLL01$r776$b004538684$m[Selectae harmoniae quatuor vocum de Passione Domini]$n[Selectae harmoniae quatuor vocum de Passione Domini]
=DGM  \\$a004538684$bCatBridge variable field
=DRT  \\$aDCW
=SRC  \\$aDCW$bDCW_20171217
=OHC  \\$a1
=LAS  \\$a1805-0738$b00$c20190111$lBLL01$h1828

