=LDR  06851 cm a22008057  4500
=001  018649602
=003  Uk
=005  20171218020207.0
=007  cr\mn\024mpada
=008  930323s1542\\\\be\||z\\s\\\\\\\\\\\lat\\
=FMT  \\$a  MU
=019  d\$afa20780070
=040  \\$aUk$beng$cUk
=041  \\$alat$glat
=042  \\$aukblsr
=082  14$a780$215
=245  00$aQuatuor vocum :$bMusicae modulationes numero xxvi. ex optimis autoribus diligenter selectae, prorsus nouae, atq[ue] typis hactenus non excusae.
=264  \1$aAntuerpiae :$bApud Guilielmum Vissenacum,$c1542.
=300  \\$a4 part books ;$c17 x 22 cm (oblong 4º)
=336  \\$anotated music$2rdacontent
=337  \\$acomputer$2rdamedia
=338  \\$aonline$2rdacarrier
=340  \\$m4to$2rdabf
=500  \\$aCollection of motets in four parts.
=500  \\$aColophon: ANTUERPIAE, Apud Guilielmum / Vissenacum. Anno humanae / salutis. D. M. XLII.
=500  \\$aCopy at K.4.g.3. DISCANTVS (48 leaves), TENOR (48 leaves), CONTRATENOR (48 leaves), BASSVS (48 leaves); Discantus and Contratenor: [1] ii-xlviii Tenor: [1] ii-xxi, xxiiii, xxiii, xxii-xxiii, xxvi, xxv, xxiiii, xxvii-xxxi, xxxiiii, xxxiii, xxxvi-xlviii Bassus: [1] ii-iiii [5] vi-ix, xi, xi, ix, xiii-xvii, xxii, xix-xxi, xxvi, xxiii, xxviii, xxv, xxix, xxviii, xxxi, xxx, xxxiii-xxxvi, xxxix-xl, xli-xlii, xlixlviii; paper dimensions: 162 x 207 mm. The incorrect foliation in the tenor and bassus part books does not affect the order of the contents.$5Uk
=500  \\$aCopy at K.4.g.3. Digitised score at http://purl.org/rism/BI/1542/7.$5Uk
=500  \\$aRISM B/I index considers 'Arnol' or 'Arnoldus' to be Arnold von Bruck. These works are not listed in the Grove works list for this composer.
=500  \\$aTranscribed from title page of altus part book: Altior incedens, primae sum proxima Voci, / Discurrens inter mediamque interque supremam.
=500  \\$aTranscribed from title page of bassus part book: Ima ego vox, imo productae[t] pectore, forma / Ceu basis reliquas sustento ac tempero voces.
=500  \\$aTranscribed from title page of tenor part book: Vox media, e[t] tremulo, proficiscor guttere, totus / Me circum ludit vario modulamine cantus.
=500  \\$aTranscribed title page from discantus part book: QVATVOR VOCVM / Musicae modulationes numero / XXVI. EX OPTIMIS AVTORIBVS DILIGENTER / selectae, prorsus nouae, at[que]; typis hactenus non excusae. / DICANTVS, / Vox ego prima, locum mihi dat Symphonia summum, / Contingo astrigerum cantu sublimis Olympum. / Cum Gratia & Priuilegio.
=500  \\$aWith preface in Latin in tenor part book only.
=500  \\$aWith table of contents.
=505  0\$aCongratulamini mihi omnes; (secunda pars: Tulerunt dominum meum) (De Resurrectione Domini) -- Super salutem & omnem pulchritudinem (secunda pars: Valde eam nos oportet) (De beata virgine) -- Venit lumen tuum Ierusalem (secunda pars: Filii tui de longe venient) (De Epiphania domini) / Corn. Canis -- O Bone Iesu (secunda pars: Quid enim es Iesu) (De nomine Iesu) / Corn. Canis -- Coenantibus illis accepit Jesu (secunda pars: Dixerunt viri tabernaculi) (De venerabili Sacramento) / Nicolaus Payen -- Laudem dicite deo nostro (secunda pars: Te gloriosus apostolorum) (De Resurrectione domini) / Lo. Pieton -- Aue Regina coelorum (De deata virgine) Virgo prudentissima (De beata virgine) / Nicolaus payen -- Domini est terra (secunda pars: Hec est generatio querentium) (Psalm.xxiiij) / Ieron vinders -- Pax vobis ego sum (secunda pars: Palpate & videte quia spiritus) (De Resurrexione Luce. xxiiij) / Lo. Pieton -- Fili quid fecisti (secunda pars: Et ait ad illos) (Luce .ii.) / Tilmannus Snsato -- Ceciliam intra cubiculum (secunda pars: Cecilia virgo almachium) (De sanbta Cecilia) / Cor. Canis -- Miserere nostri deus omnium (secunda pars: Alleua ergo manum tuam) (Psalm. lvij) -- Stans autem ihesus iussit (De Caeco) / Arnol. -- Memento creatoris tui / Colin -- Domini est terra & plenitudo (secunda pars: Innocens manibus & mundo corde) (Psalm. xxiii) / Io. Baston -- Domine non est exaltatum (Psalm.c.xxxi.) -- Tu es refugium meum (Psalm. xxxviii) -- Pater peccaui in coelum (secunda pars: Quanti mercenarii in domo) (De filio prodigo. Matth. xxv.) / Arnoldus -- Cantabant sancti canticum nouum (secunda pars: Sub throno dei) (Apocal. xiiii. De Sanctis) / Ioan. Lescuier -- Qui sunt isti qui vt nubes (secunda pars: Candidiores niue nitidiores) (De Sanctis) / Anthon. Barbe. -- Aue virgo gloriosa (Secunda pars: Nos adiuues liberando) (De beata Virgine) --
=505  0\$aNoe natum regem seculi (secunda pars: Aeterni patris filius) (De Natiuitate Christi) -- Domine da nobis auxilium (secunda pars: Tibi subiecta sit anima) (Psalm. xxxix) / Ioan. Gallus -- Miles christi egregius (secunda pars: Hic ob amorem) (De Sanctis) -- Saluto te sancta virgo (secunda pars: Subueni tu mihi tam in corpore) (De beata virgine).
=510  4\$aRISM B/I,$c1542 ⁷
=546  \\$aLatin words.
=650  \0$aMotets.
=700  1\$aBarbe, Antoine,$d-1564,$ecomposer.
=700  1\$aBaston, Josquin,$dactive 1542-1563,$ecomposer.
=700  1\$aBruck, Arnold von,$d1500?-1554,$ecomposer.
=700  1\$aCanis, Cornelius,$dapproximately 1510-1561,$ecomposer.
=700  1\$aColin, Pierre,$dactive 1538-1565,$ecomposer.
=700  1\$aGallus, Joannes,$dactive 16th century,$ecomposer.
=700  1\$aLescuier, Joannes,$ecomposer.
=700  1\$aPayen, Nicolas,$dapproximately 1512-approximately 1559,$ecomposer.
=700  1\$aPiéton, Loyset,$ecomposer.
=700  1\$aPonte, Giaches de,$dactive 16th century,$ecomposer.
=700  1\$aSusato, Tielman,$dactive 1529-1561,$ecomposer.
=700  1\$aVinders, Jheronimus,$dactive 1510-1550,$ecomposer.
=700  1\$aVissenaken, Willem van,$dactive 1542-45,$eprinter.
=752  \\$aBelgium$dAntwerp.$2lcsh/naf
=856  41$uhttp://purl.org/rism/BI/1542/7$yDigitised score
=859  \\$aXLD$bDCW
=852  4\$cDRT$jDigital Store K.4.g.3$aBritish Library$bMUSIC
=985  \\$aEarly Music Online project
=985  \\$aRecord amended for WR# 13/070
=985  \\$aname title to add
=985  \\$aCorrected by MS generated file for WR# 1805-0738
=CAT  \\$aBATCH-DCW$b00$c20171218$lBLL01$h0202
=CAT  \\$a1805-0738$c20190111$lBLL01$h1808
=CAT  \\$a1805-0738$b00$c20190111$lBLL01$h1828
=FIN  \\$aY$d20171218
=LKR  \\$aPAR$lBLL01$r776$b004538686$mQuatuor vocum : Musicae modulationes numero xxvi. ex optimis autoribus diligenter selectae, prorsus nouae, atq[ue] typis hactenus non excusae.$nQuatuor vocum : Musicae modulationes numero xxvi. ex optimis autoribus diligenter selectae, prorsus nouae, atq[ue] typis hactenus non excusae.
=DGM  \\$a004538686$bCatBridge variable field
=DRT  \\$aDCW
=SRC  \\$aDCW$bDCW_20171217
=OHC  \\$a1
=LAS  \\$a1805-0738$b00$c20190111$lBLL01$h1828

