=LDR  04474 cm a22006977  4500
=001  018649603
=003  Uk
=005  20171218020207.0
=007  cr\mn\024mpada
=008  930323s1556\\\\gw\||z\\s\\\\\\\\\\\lat\\
=FMT  \\$a  MU
=019  d\$afa20780073
=040  \\$aUk$beng$cUk
=042  \\$aukblsr
=082  14$a780$215
=100  1\$aPeudargent, Martin,$dapproximately 1525-approximately 1586.
=240  10$aSacrae cantiones,$nbk. 3.
=245  10$aLiber tertius sacrarum cantionum /$cdiversorum autorum, quatuor, quinque, et sex vocum.
=264  \1$aDuisseldorpii :$bSumptibus haeredum Arnoldi Birckmanni excudebat Iacobus Bathenius,$c1556.
=300  \\$a5 part books ;$c16 x 21 cm (oblong 4º)
=336  \\$anotated music$2rdacontent
=337  \\$acomputer$2rdamedia
=338  \\$aonline$2rdacarrier
=340  \\$m4to$2rdabf
=500  \\$aCollection of motets in 4-6 parts; numbers 1-5 for 4 voices, numbers 6-11 for 5 voices and number 12 for 6 voices, the 6th voice part being found in the Basis part book.
=500  \\$aCopy at K.4.g.8. ACVTA VOX (16 leaves); CONTRATENOR (17 leaves); TENOR (17 leaves); BASIS (17 leaves); QVINTA PARS (9 leaves); paper dimensions: 158 x 205 mm.$5Uk
=500  \\$aCopy at K.4.g.8. Digitised score at http://purl.org/rism/BI/1556/3.$5Uk
=500  \\$aIn the Acuta vox part book 'Misit me vivens' has the name 'Dauid Gransyre' incorrectly printed above the prima pars, and 'Gaude Maria virgo' has the tertia pars incorrectly described as of 'incero autore'.
=500  \\$aThis collection follows Martin Peu d'Argent's two volumes of "Cantiones Sacrae" in 1555.
=500  \\$aTranscribed title page from Acuta vox part book: LIBER TERTIVS / SACRARVM CANTI- / ONVM DIVERSORVM AVTORVM, / QVATVOR, QVINQVE, ET SEX VOCVM. / ACVTA VOX / DVISSELDORPII / Sumptibus haeredum Arnoldi Birckmanni excudebat Iacobus Bathenius. / 1556.
=505  0\$aUbi est Abel frater tuus (secunda pars: Maledicta terra in opere tuo) / Christianus Hollandere -- Parce Domine Parce populo tuo (secunda pars: O vos omnes qui transitis per viam) / Adrianus Tubal -- Inclyta stirps Iesse viam produxit (secunda pars: Est haec virga Dei mater) / Incerto autore -- Misit me vivens pater (secunda pars; Cibavit eum Dominus panae vitae) / Martin. peu dargent -- Omnia quae fecisti nobis Domine / Iohan. Gransyre -- Agite nunc divites plorate ululantes / Henricus Schaffen -- Priusquàm te formarem in utero novi te (secunda pars: Ecce dedi verba mea in ore tuo) / Incerto autore -- Angelus Domini locutus est (secunda pars: Ecce praecedit vos in Galilaeam) / Incerto autore -- Inueni David servum meum (secunda pars: Nibil proficiet inimicus in eo) / Nicolaus Courardi -- Isti sunt viri sancti (secunda pars: Sancti per fidem incerunt regna) / Ioan. Gransyre -- Gaude Maria virgo cunctas haereses (secunda pars: Gabrielem archangelum credimus divinitus; tertia pars: Dum virgo Deum & homine[m]) / Gerardus Mes -- Irrogat omnipotens mox à crimine poenam / Martin. Peu dargent.
=510  4\$aRISM B/I,$c1556 ³
=546  \\$aLatin words.
=650  \0$aMotets.
=700  1\$aBaethen, Jacob,$eprinter.
=700  1\$aBirckmann, Arnold,$dactive 1530-1542,$epublisher.
=700  1\$aConradi, Nils,$ecomposer.
=700  1\$aGransyre, Joannes,$ecomposer.
=700  1\$aHollander, Christian,$dapproximately 1510-1568 or 1569,$ecomposer.
=700  1\$aMes, Gherardus,$ecomposer.
=700  1\$aPeudargent, Martin,$dapproximately 1525-approximately 1586,$ecomposer.
=700  1\$aSchaffen, Henri,$ecomposer.
=700  1\$aTubal, Adrian,$ecomposer.
=752  \\$aGermany$dDüsseldorf.$2lcsh/naf
=856  41$uhttp://purl.org/rism/BI/1556/3$yDigitised score
=859  \\$aXLD$bDCW
=852  4\$cDRT$jDigital Store K.4.g.8.$aBritish Library$bMUSIC
=985  \\$aRecord amended for WR# 13/070
=985  \\$aauthority check: LoC has book 1 in this form.
=985  \\$aname title to add
=985  \\$aCorrected by MS generated file for WR# 1805-0738
=CAT  \\$aBATCH-DCW$b00$c20171218$lBLL01$h0202
=CAT  \\$a1805-0738$c20190111$lBLL01$h1808
=CAT  \\$a1805-0738$b00$c20190111$lBLL01$h1828
=FIN  \\$aY$d20171218
=LKR  \\$aPAR$lBLL01$r776$b004538688$mLiber tertius sacrarum cantionum /$nLiber tertius sacrarum cantionum /
=DGM  \\$a004538688$bCatBridge variable field
=DRT  \\$aDCW
=SRC  \\$aDCW$bDCW_20171217
=OHC  \\$a1
=LAS  \\$a1805-0738$b00$c20190111$lBLL01$h1828

