=LDR  05446 cm a22008057  4500
=001  018649604
=003  Uk
=005  20171218020207.0
=007  cr\mn\024mpada
=008  930323s1562\\\\it\||z\\s\\\\\\\\\\\ita\\
=FMT  \\$a  MU
=019  d\$afc06830013
=040  \\$aUk$beng$cUk
=041  \\$aita$gita
=042  \\$aukblsr
=082  14$a780$215
=245  03$aIl Terzo Libro delle Muse a quattro voci :$bMadrigali ariosi, da diversi eccell. Musici raccolti, et dati in Luce.
=264  \1$aIn Roma :$bAppresso Antonio Barre,$cMDLXII [1562]
=300  \\$a4 part books ;$c17 x 22 cm (oblong 4º)
=336  \\$anotated music$2rdacontent
=337  \\$acomputer$2rdamedia
=338  \\$aonline$2rdacarrier
=340  \\$m4to$2rdabf
=500  \\$aCollection of madrigals in four parts.
=500  \\$aCopy at K.3.f.17. Canto (14 leaves), Tenore (14 leaves), Basso (14 leaves); Canto: [i-ii], 1-24, [25-26], Tenore: [i-ii], 1-24, [25-26], Basso: [i-ii], 1-24, [25-26]; paper dimensions: 148 x 205 mm.$5Uk
=500  \\$aCopy at K.3.f.17. Digitised score at http://purl.org/rism/BI/1562/7.$5Uk
=500  \\$aTranscribed title page from cantus part book: IL TERZO LIBRO / DELLE MVSE A QVATTRO VOCI. MADRIGALI ARIOSI, DA DIVERSI ECCELL. / MVSICI RACCOLTI, ET DATI IN LVCE. / IN ROMA APPRESSO ANTONIO BARRE. M. D. LXII.
=500  \\$aWith a dedication to Indico Piccolomini d'Aragonia in Italian.
=500  \\$aWith printer's privilege granted by Cardinal Guido Ascanio Sforza and signed by Hieronimo de Tarano in Latin.
=500  \\$aWith table of contents in alphabetical order entitled 'TAVOLA delli madrigali numero 35'.
=505  0\$aBen qui si mostr'il ciel / Cypriano Rore -- Amor mi strugge'l cor -- Quando piu spero'oyme / Ant. Barrè -- Madonna se con morte / Ant. Barrè -- Ultimi miei sospiri / Annibale Zoilo -- Nasce la pena mia -- Pien di novelli fior / Fran. Rossello -- Da bei vostri' occhi do[n]na / Alessandro. Maresio -- Certo' ò felici' amanti / Lerma -- Se per un sguardo / Phi. di Monte -- Da poi ch'amor cagion / Alessandro. Maresio -- Ben mi promeß'amor / Stef. Lando -- Non so qual maggior fede / Ant. Barrè -- S'e ver quel che si legge / Jo. Domenico di Nola -- Fausti nasco[n] gli' amor / Vin. Ruffo -- Nel gratioso tempo / Vin. Ruffo -- Den perche vò le mie piaghe / Jo. Domenico di Nola -- Nell'apparir qui de vostr'occhi / Vin. Ruffo -- I pia[n]go ed ella'il volto / S. Luigi dentici -- Gionto m'ha amor / Jo. Domenico di Nola -- Tutt'il di piango ne perche / Jo. Domenico di Nola -- Vide lontano / Francesco baratto -- Da poi ch'io viddi' / Gio. Pier Luigi.da Pallestrina -- Per ch'al viso d'amor / Jo. Pier Luigi -- Qua[n]do bascio talhor la do[n]na mia / Lerma -- Ov'è condotto'il mio amoroso stile (seconda parte: O noiosa mia vita) / Orlando di Lassus -- Ben veggio di lontan / Orlando di Lassus -- Voi mi ponesti'in foco / Phi. di Monte -- Se m'ars'e pu[n]se donna / Stefano. Lando -- Hor vedi'amor / Aless. Maresio -- Qual piu crudel martire / Gio. Pier Luigi.da Pallestrina -- In dubbio di mio stato / Orlando di Lassus -- Occhi soavi'et belli / Lodovico Agostini -- Rallegrar mi poß'io / Fran. Rossello.
=510  4\$aM. Buja: 'Antonio Barrè and Music Printing in Rome in the Mid-Sixteenth Century' (diss., U. of North Carolina, 1996),$cpp. 349-58.
=510  4\$aRISM B/I,$c1562 ⁷
=546  \\$aItalian words.
=650  \0$aMadrigals, Italian.
=700  1\$aAgostini, Lodovico,$d1534-1590,$ecomposer.
=700  1\$aBarré, Antonio,$dactive 1551-1564,$eprinter,$ecomposer.
=700  1\$aDentice, Luigi,$ecomposer.
=700  1\$aLando, Stefano,$dapproximately 1530-1571,$ecomposer.
=700  1\$aLasso, Orlando di,$d1532-1594,$ecomposer.
=700  1\$aLerma,$ecomposer.
=700  1\$aMaresio, Alessandro,$ecomposer.
=700  1\$aMonte, Philippe de,$d1521-1603,$ecomposer.
=700  1\$aNola, Gian Domenico del Giovane da,$d-1592,$ecomposer.
=700  1\$aPalestrina, Giovanni Pierluigi da,$d1525?-1594,$ecomposer.
=700  1\$aPiccolomini d'Aragonia, Indico,$ededicatee.
=700  1\$aRore, Cipriano de,$d1515 or 1516-1565,$ecomposer.
=700  1\$aRoussel, François,$dapproximately 1510-$ecomposer.
=700  1\$aRuffo, Vincenzo,$dapproximately 1508-1587,$ecomposer.
=700  1\$aSforza, Cardinal Guido Ascanio,$eother.
=700  1\$aTarano, Hieronimo de,$eother.
=700  1\$aZoilo, Annibale,$dapproximately 1537-1592,$ecomposer.
=752  \\$aItaly$dRome.$2lcsh/naf
=856  41$uhttp://purl.org/rism/BI/1562/7$yDigitised score
=859  \\$aXLD$bDCW
=852  4\$cDRT$jDigital Store K.3.f.17$aBritish Library$bMUSIC
=985  \\$aEarly Music Online project
=985  \\$aRecord amended for WR# 13/070
=985  \\$aname title to add
=985  \\$aCorrected by MS generated file for WR# 1805-0738
=CAT  \\$aBATCH-DCW$b00$c20171218$lBLL01$h0202
=CAT  \\$a1805-0738$c20190111$lBLL01$h1808
=CAT  \\$a1805-0738$b00$c20190111$lBLL01$h1828
=FIN  \\$aY$d20171218
=LKR  \\$aPAR$lBLL01$r776$b004547387$mIl Terzo Libro delle Muse a quattro voci : Madrigali ariosi, da diversi eccell. Musici raccolti, et dati in Luce.$nIl Terzo Libro delle Muse a quattro voci : Madrigali ariosi, da diversi eccell. Musici raccolti, et dati in Luce.
=DGM  \\$a004547387$bCatBridge variable field
=DRT  \\$aDCW
=SRC  \\$aDCW$bDCW_20171217
=OHC  \\$a1
=LAS  \\$a1805-0738$b00$c20190111$lBLL01$h1828

