=LDR  04889 cm a2200745 a 4500
=001  018649605
=003  Uk
=005  20171218020207.0
=007  cr\mn\024mpada
=008  930323s1566\\\\it\||z\\s\\\\\\\\\\\zxx\\
=FMT  \\$a  MU
=019  d\$afd11850001
=040  \\$aUk$beng$cUk
=042  \\$aukblsr
=082  14$a780$215
=100  1\$aNeusidler, Melchior,$d1531-1590.
=240  10$aIntabolatura di liuto,$nlibro 1
=245  13$aIl primo libro intabolatura di liuto :$bove sono madrigali, canzon francesi, pass'e mezi, saltarelli & alcuni suoi ricercari /$cdi Melchior Neys[i]dler, alemano, sonatore di liuto in Augusta, novame[n]te da lui posti in luce.
=264  \1$aIn Venetia :$bAppresso di Antonio Gardano,$c1566.
=300  \\$a38 pages of music ;$c29 cm (folio)
=336  \\$anotated music$2rdacontent
=337  \\$acomputer$2rdamedia
=338  \\$aonline$2rdacarrier
=340  \\$mfolio$2rdabf
=500  \\$aAttributions taken from Brown, ricercars attributed from title page.
=500  \\$aCollection of madrigals, chansons, dances and ricercars, including works for lute by Neusidler and intabulations by Neusidler of works by other composers.
=500  \\$aCopy at K.8.g.3.(1). 20 leaves; original foliation: [i-ii], I-XXXVIII; paper dimensions: 276 x 192 mm.$5Uk
=500  \\$aCopy at K.8.g.3.(1). Digitised score at http://purl.org/rism/BI/1566/29.$5Uk
=500  \\$aTranscribed title page: IL / PRIMO / LIBRO / INTABOLATVRA / DI LIVTO / DI MELCHIOR NEYSDLER / Alemano, Sonatore di Liuto in Augusta, / oue sono Madrigali, Canzon Francesi, / Pass'e mezi, Saltarelli & alcuni / suoi Ricercari, Nouamēte / da lui posti in luce. / In Venetia appresso di Antonio Gardano. / 1566.
=500  \\$aWith dedication page in Italian to Giovanni Langnaver.
=500  \\$aWith table of contents, separating madrigals, chansons and dances and ricercars.
=505  0\$aDeh ferma amor / [Orlando di Lasso or Domenico Ferrabosco] -- O s'io potesi do[n]na / [Jachet de Berchem] -- Io mi son giouinetta / Domenico Ferrabosca] -- Con lei fuss'io / [Jacob Arcadelt or Jachet de Berchem or Francesco Corteccia or Giaches de Ponte] -- Vita de la mia uita / [Philippe Verdelot] -- Perche la uita breve -- Signor mio caro / [Cipriano de Rore] -- Carità di Signore / [Cipriano de Rore] -- Avecqe uous / [Orlando di Lasso] -- Suspirs ardans / [Jacob Arcadelt] -- Mosieur Labe / [Maistre Robin or Orlando di Lasso] -- Hellas' quel iour / [Orlando di Lasso] -- Vn doulx nenmy / [Orlando di Lasso] -- Content ou non -- Vrai dieu disois / [Orlando di Lasso] -- Petite folle / [Orlando di Lasso] -- Pass'e mezo antico -- Il suo saltarello con la ripresa -- Pass'e mezo la Milanese -- Il suo saltarello con la ripresa -- Ricercar Primo / [Melchior Neusidler] -- Ricercar Secondo / [Melchior Neusidler] -- Ricercar Terzo / [Melchior Neusidler] -- Ricercar Quarto / [Melchior Neusidler].
=510  4\$aH. M. Brown, Instrumental music printed before 1600: a bibliography (Cambridge, MA, 1965),$c1566/2
=510  4\$aRISM B/I,$c1566 ²⁹
=650  \0$aIntabulations (Lute)
=650  \0$aLute music.
=700  0\$aRobin,$cMaistre,$ecomposer.
=700  1\$aArcadelt, Jacob,$dapproximately 1505-1568,$ecomposer.
=700  1\$aBerchem, Jachet de,$dactive 16th century,$ecomposer.
=700  1\$aCorteccia, Francesco,$d1502-1571,$ecomposer.
=700  1\$aFerrabosco, Domenico Maria,$d1513-1574,$ecomposer.
=700  1\$aGardane, Antonio,$d1509-1569,$eprinter.
=700  1\$aLangnaver, Giovanni,$ededicatee.
=700  1\$aLasso, Orlando di,$d1532-1594,$ecomposer.
=700  1\$aPonte, Giaches de,$dactive 16th century,$ecomposer.
=700  1\$aRore, Cipriano de,$d1515 or 1516-1565,$ecomposer.
=700  1\$aVerdelot, Philippe,$d-approximately 1565,$ecomposer.
=710  2\$aGardane (Firm),$eprinter.
=752  \\$aItaly$dVenice.$2lcsh/naf
=856  41$uhttp://purl.org/rism/BI/1566/29$yDigitised score
=859  \\$aXLD$bDCW
=852  4\$cDRT$jDigital Store K.8.g.3.(1.)$aBritish Library$bMUSIC
=985  \\$aRecord amended for WR# 13/070
=985  \\$aname title to add; name headings need work: Giovanni Langnaver, Maistre Robin
=985  \\$aCorrected by MS generated file for WR# 1805-0738
=CAT  \\$aBATCH-DCW$b00$c20171218$lBLL01$h0202
=CAT  \\$a1805-0738$c20190111$lBLL01$h1808
=CAT  \\$a1805-0738$b00$c20190111$lBLL01$h1828
=FIN  \\$aY$d20171218
=LKR  \\$aPAR$lBLL01$r776$b004552998$mIl primo libro intabolatura di liuto : ove sono madrigali, canzon francesi, pass'e mezi, saltarelli & alcuni suoi ricercari /$nIl primo libro intabolatura di liuto : ove sono madrigali, canzon francesi, pass'e mezi, saltarelli & alcuni suoi ricercari /
=DGM  \\$a004552998$bCatBridge variable field
=DRT  \\$aDCW
=SRC  \\$aDCW$bDCW_20171217
=OHC  \\$a1
=LAS  \\$a1805-0738$b00$c20190111$lBLL01$h1828

