=LDR  05187 cm a22007697  4500
=001  018649606
=003  Uk
=005  20171218020207.0
=007  cr\mn\024mpada
=008  930323s1590\\\\it\||z\\s\\\\\\\\\\\ita\\
=FMT  \\$a  MU
=019  d\$afd22760001
=040  \\$aUk$beng$cUk
=041  \\$aita
=042  \\$aukblsr
=082  14$a780$215
=245  00$aNovi frutti musicali.$bMadrigali a cinque voci /$cdi diversi eccellentissimi musici. Nouamente composti, & dati in luce.
=264  \1$aIn Venetia :$bAppresso Giacomo Vincenti,$c1590.
=300  \\$a5 part books ;$c22 x 17 cm (4º)
=336  \\$anotated music$2rdacontent
=337  \\$acomputer$2rdamedia
=338  \\$aonline$2rdacarrier
=340  \\$m4to$2rdabf
=500  \\$aCollection of Italian madrigals in five parts (CATB5)
=500  \\$aCopy at K.3.h.1. Canto (12 leaves) Alto (12 leaves) Tenore (12 leaves) Basso (12 leaves) Quinto (12 leaves); original foliation: Canto: [i-ii], 1-21, [22] Alto: [i-ii], 1-21, [22] Tenore: [i-ii], 1-21, [22] Basso: [i-ii], 1-21, [22] Quinto: [i-ii], 1-21, [22]; paper dimensions: 213 x 155 mm.$5Uk
=500  \\$aCopy at K.3.h.1. Digitised score at http://purl.org/rism/BI/1590/15.$5Uk
=500  \\$aIn the table of contents no.16 is assigned to F. Anerio, but B. Roi's name occurs in the heading.
=500  \\$aTranscribed title page from canto part book: NOVI FRVTTI MVSICALI / MADRIGALI A CINQVE VOCI, / Di diuersi Eccellentissimi Musici. / NOVAMENTE COMPOSTI, / & dati in luce. / CON PRIVILEGIO. / IN VENETIA, Appresso Giacomo Vincenti. / M D. X C.
=500  \\$aWith a dedication to Giovanni Paolo Oliva by Bellasio signed 'Di Venetia. il dì 20. d'Ottobre. 1590.'
=505  0\$aNinfa che dal superb'Adriaco seno / Alessandro Striggio -- [Seconda parte.] Sorgesti sola e'l tuo splendor fù tanto / Gio. Maria Nanino -- Terza parte. L'alto Motor che delle cose belle / Annibale Stabile -- Quarta parte. Benche rallenti a suoi destrieri il morso / Gio. Battista Moscaglia -- Quinta parte. Sol di lum'immortal Titon di zelo / Archangelo Criuello -- Sesta parte. Cosi diss'egli e'l cielo e gl'elementi / Annibal Zoilo. -- Settima parte. Le Ninfe del mar d'Adria / Ruggiero Giouanelli -- Ottaua parte. Con quella maestà d'ond'ugual / Gio. Maria Nanino -- Non parte. Alba seren'e sola / Paulo Bellasio -- Decima parte. Perle e Rubini I fior vermigli / Francesco Soriano -- Vndecima parte. Vn mondo solo Il vostro raggio eterno / Gio. Andrea Dragoni -- Duodecima parte. Farai le belle riue d'Adria e d'Arno / Paulo Bellasio -- Va sconosciuto Amor Fra fiori e spine / Paulo Isnardi -- Qual'hor vag'e ridente / Bartolomeo Roi -- Quell'acqua esser vorrei / Marc'Antonio Ingigneri -- Ragion è ben ch'in questo chiaro giorno / Bartolomeo Roi -- Proposta. Ben mio quando da voi feci partita (Risposta del detto: Quand'il cor mi lasciasti a la partita) / Gio. Croce Chiozotto -- Il bianc'è dolce cigno cantando / Gio. Battista Mosto -- Tu Ribello d'Amor tu di pietade / Luzasco Luzaschi -- Mentre Tirsi gentil con nuoui ardori / Paolo Bellasio.
=510  4\$aRISM B/I,$c1590 ¹⁵
=546  \\$aItalian words.
=700  1\$aBellasio, Paolo,$d1554-1594,$ededicator, composer.
=700  1\$aCrivelli, Arcangelo,$d1546-1617,$ecomposer.
=700  1\$aCroce, Giovanni,$dapproximately 1557-1609,$ecomposer.
=700  1\$aDragoni, Giovanni Andrea,$dapproximately 1540-1598,$ecomposer.
=700  1\$aGiovannelli, Ruggiero,$dapproximately 1560-1625,$ecomposer.
=700  1\$aIngegneri, Marc Antonio,$d1535 or 1536-1592,$ecomposer.
=700  1\$aIsnardi, Paolo,$d1536-1596,$ecomposer.
=700  1\$aLuzzaschi, Luzzasco,$d-1607,$ecomposer.
=700  1\$aMoscaglia, Giovanni Battista,$ecomposer.
=700  1\$aMosto, Giovanni Battista,$d-1596,$ecomposer.
=700  1\$aNanino, Giovanni Maria,$d1543 or 1544-1607,$ecomposer.
=700  1\$aOliva, Giovanni Paolo,$d1600-1681,$ededicatee.
=700  1\$aRoy, Bartolomeo,$dapproximately 1530-1599,$ecomposer.
=700  1\$aSoriano, Francesco,$d1548 or 1549-1621,$ecomposer.
=700  1\$aStabile, Annibale,$dactive 16th century,$ecomposer.
=700  1\$aStriggio, Alessandro,$d1536 or 1537-1592,$ecomposer.
=700  1\$aVincenti, Giacomo,$d-1619,$eprinter.
=700  1\$aZoilo, Annibale,$dapproximately 1537-1592,$ecomposer.
=752  \\$aItaly$dVenice.$2lcsh/naf
=856  41$uhttp://purl.org/rism/BI/1590/15$yDigitised score
=859  \\$aXLD$bDCW
=852  4\$cDRT$jDigital Store K.3.h.1$aBritish Library$bMUSIC
=985  \\$aRecord amended for WR# 13/070
=985  \\$aname title to add
=985  \\$aCorrected by MS generated file for WR# 1805-0738
=CAT  \\$aBATCH-DCW$b00$c20171218$lBLL01$h0202
=CAT  \\$a1805-0738$c20190111$lBLL01$h1808
=CAT  \\$a1805-0738$b00$c20190111$lBLL01$h1828
=FIN  \\$aY$d20171218
=LKR  \\$aPAR$lBLL01$r776$b004557595$mNovi frutti musicali. Madrigali a cinque voci /$nNovi frutti musicali. Madrigali a cinque voci /
=DGM  \\$a004557595$bCatBridge variable field
=DRT  \\$aDCW
=SRC  \\$aDCW$bDCW_20171217
=OHC  \\$a1
=LAS  \\$a1805-0738$b00$c20190111$lBLL01$h1828

