=LDR  03048 cm a22006497  4500
=001  018649607
=003  Uk
=005  20171218020207.0
=007  cr\mn\024mpada
=008  930325s1555\\\\gw\||z\\s\\\\\\\\\\\lat\\
=FMT  \\$a  MU
=019  d\$afe14390003
=040  \\$aUk$beng$cUk
=042  \\$aukblsr
=082  14$a780$215
=100  1\$aOthmayr, Caspar,$d1515-1553.
=245  10$aIn epitaphiis /$cGasparis Othmari.
=264  \1$a[Nürnberg?],$c[1555?]
=300  \\$a4 part books ;$c16 x 20 cm (oblong 4º)
=336  \\$anotated music$2rdacontent
=337  \\$acomputer$2rdamedia
=338  \\$aonline$2rdacarrier
=340  \\$m4to$2rdabf
=500  \\$aCollection of motets for 4 voices (SATB).
=500  \\$aCopy at K.5.a.22. BASSVS (8 leaves); paper dimensions: 145 x 195 mm.$5Uk
=500  \\$aCopy at K.5.a.22. Digitised score at http://purl.org/rism/BI/1554/30.$5Uk
=500  \\$aTitle from Bassus part book, the only part extant.
=500  \\$aTranscribed title page from bassus part book: BASSVS / IN EPITAPHIIS / GASPARIS OTHMARI.
=505  0\$aIusti praeripiuntur, ne uideant uentura mala / Gaspar Othmayre -- Mit frid und freud ich fahr dahin / Gaspar Othmayr -- Esaeuo Gaspar miserarum turbine rerum est / Nicolaus Puls -- Harmonicae decus & columen lumen (secunda pars: vltima nunc capit hic placidum / Conradus Praetorium -- Grande decus Musis (secunda pars: summus Praepositi decoratus) / Andreas Schwartz -- Grande decus Musis / Ioannes Bucherus -- Prae reliquis quos nostre serunt haec tempora (secunda pars: Quem nunc è medio) / Andreas Schwartz -- Est locus Elysium ueteres / Doctor Forsterus.
=510  4\$aFrançois Lesure, ed., Recueils imprimés XVIe-XVII1 siècles (München-Duisberg: G. Henle Verlag 1960),$cVol 1: Liste chronologique
=510  4\$aRISM B/I,$c1554 ³⁰
=546  \\$aLatin words.
=650  \0$aMotets.
=700  1\$aBuchner, Hans,$d1483-1538,$ecomposer.
=700  1\$aForster, Georg,$dapproximately 1510-1568,$ecomposer.
=700  1\$aNeuber, Ulrich,$d-1571,$eprinter.
=700  1\$aPraetorius, Conrad,$ecomposer.
=700  1\$aPuls, Nicolaus,$dactive 16th century,$ecomposer.
=700  1\$aSchwartz, Andreas,$dactive 16th century.$ecomposer.
=700  1\$aVom Berg, Johann,$d-1563,$eprinter.
=752  \\$aGermany$dNuremberg.$2lcsh/naf
=856  41$uhttp://purl.org/rism/BI/1554/30$yDigitised score
=859  \\$aXLD$bDCW
=852  4\$cDRT$jDigital Store K.5.a.22.$aBritish Library$bMUSIC
=985  \\$aRecord amended for WR# 13/070
=985  \\$aname title to add
=985  \\$aCorrected by MS generated file for WR# 1805-0738
=CAT  \\$aBATCH-DCW$b00$c20171218$lBLL01$h0202
=CAT  \\$a1805-0738$c20190111$lBLL01$h1808
=CAT  \\$a1805-0738$b00$c20190111$lBLL01$h1828
=FIN  \\$aY$d20171218
=LKR  \\$aPAR$lBLL01$r776$b004564370$mIn epitaphiis /$nIn epitaphiis /
=DGM  \\$a004564370$bCatBridge variable field
=DRT  \\$aDCW
=SRC  \\$aDCW$bDCW_20171217
=OHC  \\$a1
=LAS  \\$a1805-0738$b00$c20190111$lBLL01$h1828

