=LDR  04166 cm a2200649 a 4500
=001  018649608
=003  Uk
=005  20171218020207.0
=007  cr\mn\024mpada
=008  930325s1585\\\\it\mdz\\s\\\\\\\\\\\ita\\
=FMT  \\$a  MU
=019  d\$aff00850001
=040  \\$aUk$beng$cUk
=041  \\$aita$gita
=042  \\$aukblsr
=082  14$a780$215
=245  03$aIl primo libro de madrigali a cinque voci /$cdi Gio. Battista Pace et Giovandonato Vopa, discepoli di Stefano Felis da Bari. Novamente composti, & dati in luce.
=264  \1$aIn Venetia :$bAppresso Angelo Gardano,$cMDLXXXV [1585]
=300  \\$a5 part books ;$c17 x 23 cm (oblong 4º)
=336  \\$anotated music$2rdacontent
=337  \\$acomputer$2rdamedia
=338  \\$aonline$2rdacarrier
=340  \\$m4to$2rdabf
=500  \\$aCollection of madrigals in 5 parts (SATBQ) by Giovanni Battista Pace, Giovanni Donato Vopa and Stefano Felis.
=500  \\$aCopy at K.7.b.10. Canto (12 leaves); Alto (12 leaves); Tenore (12 leaves); Basso (8 leaves); Quinto (12 leaves); original foliation: all parts except Basso: [i-ii], 1-21, [22]; Basso [i-ii], 1-2, [pages 3-6 missing], 7-21, [22]; paper dimensions: 157 x 217 mm.$5Uk
=500  \\$aCopy at K.7.b.10. Digitised score at http://purl.org/rism/BI/1585/30.$5Uk
=500  \\$aIncludes dedication from Gio. Battista Pace and Gio. Donato Vopa to Mateo di Bona, in Italian.
=500  \\$aTranscribed title page from Canto part book: IL PRIMO LIBRO DE MADRIGALI / A CINQVE VOCI DI GIO. BATTISTA PACE, / ET GIOVAN DONATO VOPA, / Discepoli di Stefano Felis da Bari: / Nouamente Composti, & dati in luce. / In Venetia Appresso Angelo Gardano / M. D. LXXXV.
=500  \\$aWith table of contents.
=505  0\$aE veramente fra le stelle / Gio. Donato de la Vopa -- Mille amorosi bacci / Gio. Donato de la Vopa -- Mentre [scherzava amor] (seconda parte: Ben sei felice) / Gio. Battista Pace -- Sotto finti d'Amor dolci sembianti (seconda parte: Ne v'ingann'il mirar) (terza parte: Et io benche infelice) / Stefano Felis -- Se le lagrime tue (seconda parte: Deh fammi degno haverle) / Gio. Donato de la Vopa -- Spirti celesti e puri / Gio. Donato de la Vopa -- A pianti amari (seconda parte: Ohime dolce ben mio) (terza parte: Vostra belta co'i primi raggi suoi) / Gio. Battista Pace -- Felice primavera di bei pensier fiorisce (seconda parte: Danzan le ninfe honeste) / Gio. Donato de la Vopa -- Amor fra bosch'e solitarie selve / Gio. Battista Pace -- Corran d'argento i fiumi / Gio. Battista Pace -- Ahi trascurato cor / Gio. Donato de la Vopa -- Mentre ch'io vo là dove amor m'invia / Gio. Donato de la Vopa -- Mentre piango i miei falli e l'aria intorno / Gio. Battista Pace -- O com'è bella / Gio. Battista Pace.
=510  4\$aF. Lesure and C. Sartori, Bibliografia della musica italiana vocale profana pubblicata dal 1500 al 1700 (Pomezia, 1977),$cno. 2073
=510  4\$aRISM B/I,$c1585 ³⁰
=546  \\$aItalian words.
=650  \0$aMadrigals, Italian.
=700  1\$aBona, Mateo di,$ededicatee.
=700  1\$aFelis, Stefano,$dapproximately 1550-approximately 1603,$ecomposer.
=700  1\$aGardano, Angelo,$d1540-1611,$eprinter.
=700  1\$aPace, Giovanni Battista,$dactive 1585-1591,$ecomposer.
=700  1\$aVopa, Giovanni Donato$dactive 1585,$ecomposer.
=710  2\$aGardane (Firm),$eprinter.
=752  \\$aItaly$dVenice.$2lcsh/naf
=856  41$uhttp://purl.org/rism/BI/1585/30$yDigitised score
=859  \\$aXLD$bDCW
=852  4\$cDRT$jDigital Store K.7.b.10.$aBritish Library$bMUSIC
=985  \\$aRecord amended for WR# 13/070
=985  \\$aname title to add
=985  \\$aCorrected by MS generated file for WR# 1805-0738
=CAT  \\$aBATCH-DCW$b00$c20171218$lBLL01$h0202
=CAT  \\$a1805-0738$c20190111$lBLL01$h1808
=CAT  \\$a1805-0738$b00$c20190111$lBLL01$h1828
=FIN  \\$aY$d20171218
=LKR  \\$aPAR$lBLL01$r776$b004565455$mIl primo libro de madrigali a cinque voci /$nIl primo libro de madrigali a cinque voci /
=DGM  \\$a004565455$bCatBridge variable field
=DRT  \\$aDCW
=SRC  \\$aDCW$bDCW_20171217
=OHC  \\$a1
=LAS  \\$a1805-0738$b00$c20190111$lBLL01$h1828

