=LDR  04019 cm a22006377  4500
=001  018649609
=003  Uk
=005  20171218020207.0
=007  cr\mn\024mpada
=008  930325s1563\\\\it\||z\\s\\\\\\\\\\\ita\\
=FMT  \\$a  MU
=019  d\$afg24780004
=040  \\$aUk$beng$cUk
=041  \\$aita
=042  \\$aukblsr
=082  14$a780$215
=100  1\$aPortinaro, Francesco,$dactive 16th century,$ecomposer.
=240  10$aMadrigals,$mvoices (4),$nbook 1
=245  13$aIl primo libro de madrigali a quattro voci /$cDi Francesco Portenaro. Con due madrigali à sei voci. Nuouamente stampato.
=264  \1$aVenetia :$bAppresso Girolamo Scotto,$c1563.
=300  \\$a4 part books ;$c17 x 24 cm (4º)
=336  \\$anotated music$2rdacontent
=337  \\$acomputer$2rdamedia
=338  \\$aonline$2rdacarrier
=340  \\$m4to$2rdabf
=500  \\$aCollection of madrigals in four parts (SATB) except for the last two, 'O di chiara virtut'albergo vero' and 'Ne si vagh'o sereno 'l ciel anchora', which are in six parts (SSAATB).
=500  \\$aCopy at K.7.b.12. Canto (16 leaves: [i-ii], 1-29, [30] p.), Alto (14 leaves: [i-ii], 1-25, [26] p.), Tenore (14 leaves: [i-ii], 1-25, [26] p.), Basso (16 leaves: [i-ii], 1-29, [30] p.); paper dimensions: 170 x 237 cm.$5Uk
=500  \\$aCopy at K.7.b.12. Digitised score at http://purl.org/rism/BI/1563/13.$5Uk
=500  \\$aTranscribed title page from canto part book: IL PRIMO LIBRO / DE MADRIGALI / A QVATTRO VOCI. / DI FRANCESCO PORTENARO / Con Due Madrigali à Sei Voci. / Nuouamente stampato. / IN VENETIA. / Appresso Girolamo Scotto. / M D LXIII.
=500  \\$aWith table of contents.
=505  0\$aDi pensier in pensier di mont'in monte -- Da bei rami scende -- Occhi miei ch'in dui fiumi -- Vota scorza rest'io -- O mio lucente sole -- Come vagg'augelin ch'a poc'a poco -- Dolci labri'ou'Amore -- Mentre la Donna mia (2. parte: Amor se mi fai degno) -- Com'a raggi del sole - Si fa mio cor souente fiamm'e ghiaccio (seconda parte: S'alteri poi gli gir'altrou'e volge) -- Non mai piu bella luc'o piu bel sole -- Basciami vita mia basciam'anchora (seconda parte: Basciami mille volt'e mill'allhora) -- Madonna poi ch'vccider mi volete -- Se mai quest'occhi tra boschetti'o piagge -- Pur conuera ch'i miei martiri'Amore -- Perche l'vsato stile (seconda parte: Vergine bella eletta) -- Nou'Angeletta soura l'ale'accorta / Marc'Antonio Pordenon -- Questa luce d'Amor piu che'l sol chiara (seconda parte: L'alta chiarezza mi solleva 'l core) -- Gia mi trouai di Maggio'vna mattina / Marc'Antonio Pordenon -- O di chiara virtut'albergo vero (seconda parte: Cosi lungo le vagh'e fresche sponde) / Francesco portenaro -- Ne si vagh'o sereno 'l ciel anchora (seconda parte: Ridon'in tant'honor gl'Euganei colli).
=510  4\$aJ. Bernstein: Music Printing in Renaissance Venice: The Scotto Press, 1539-72 (New York, 1998),$cno. 236.
=510  4\$aRISM B/I,$c1563 ¹³
=546  \\$aItalian words.
=650  \0$aMadrigals, Italian
=700  1\$aGonzaga, Scipione,$d1542-1593,$ededicatee.
=700  1\$aPordenon, Marc'Antonio,$ecomposer.
=700  1\$aScotto, Girolamo,$eprinter.
=752  \\$aItaly$dVenice.$2lsch/naf
=856  41$uhttp://purl.org/rism/BI/1563/13$yDigitised score
=859  \\$aXLD$bDCW
=852  4\$cDRT$jDigital Store K.7.b.12.$aBritish Library$bMUSIC
=985  \\$aEarly Music Online project
=985  \\$aRecord amended for WR# 13/070
=985  \\$aname title to add
=985  \\$aCorrected by MS generated file for WR# 1805-0738
=CAT  \\$aBATCH-DCW$b00$c20171218$lBLL01$h0202
=CAT  \\$a1805-0738$c20190111$lBLL01$h1808
=CAT  \\$a1805-0738$b00$c20190111$lBLL01$h1828
=FIN  \\$aY$d20171218
=LKR  \\$aPAR$lBLL01$r776$b004587094$mIl primo libro de madrigali a quattro voci /$nIl primo libro de madrigali a quattro voci /
=DGM  \\$a004587094$bCatBridge variable field
=DRT  \\$aDCW
=SRC  \\$aDCW$bDCW_20171217
=OHC  \\$a1
=LAS  \\$a1805-0738$b00$c20190111$lBLL01$h1828

