=LDR  04170 cm a22006017  4500
=001  018649610
=003  Uk
=005  20171218020208.0
=007  cr\mn\024mpada
=008  930325s1570\\\\it\||z\\s\\\\\\\\\\\ita\\
=FMT  \\$a  MU
=019  d\$afh05930015
=040  \\$aUk$beng$cUk
=041  \\$aita
=042  \\$aukblsr
=082  14$a780$215
=245  00$aPrima stella. De madrigali a cinque voci /$cdi Orlando Lasso. Di Zanetto di Palestina. Di Giouan Nascho. Di Francesco Roscelli. Et altri eccellentissimi musici. Novamente posti in luce.
=260  \\$aIn Vinegia :$bAppresso G. Scotto,$c1570.
=300  \\$a5 part books ;$c23 x 17 cm (4o)
=336  \\$anotated music$2rdacontent
=337  \\$acomputer$2rdamedia
=338  \\$aonline$2rdacarrier
=500  \\$aCollection of madrigals for five voices (SATB 5), with alphabetical list of contents.
=500  \\$aCopy at K.3.g.12. ALTO (12 leaves), BASSO (16 leaves); original pagination: Alto: [1], 2-24 p. Basso: [1], 2-24 p.; paper dimensions: Alto: 205 x 150mm, Basso: 220 x 160 mm.$5Uk
=500  \\$aCopy at K.3.g.12. Digitised score at http://purl.org/rism/BI/1570/16.$5Uk
=500  \\$aTranscribed title page from alto part book: PRIMA STELLA. / DE MADRIGALI / A CINQVE VOCI, / Di Orlando Lasso. Di Giouan Nascho. / Di Zanetto di Palestina. Di Francesco Roscelli / ET ALTRI ECCELLENTISSIMI MVSICI. / Nouamente posti in luce. / IN VINEGIA, / APPRESSO GIROLAMO SCOTTO / M D LXX.
=505  0\$aOh d'amarissime onde / Orlando di Lassus -- Celeste d'amor fiamma / Francesco Rosselli -- Se 'l tempo invola ogni mortal bellezza / Giovan Nasco -- Come'in piu negre tenebre / Giovanne Cartolaio -- Se fra quest'herb'e fiore / Gianetto da Palestina -- Il dolce sonno in cui sepulto giace / Gianetto da Pallestina -- Qui voi sterili & egre / Francesco Rosselli -- Io son ferito ahi lasso / Gianetto da Pallestina -- Guidom'in part'il ciel ove splendea (seconda parte: Da indi in qua sol l'alma pasce) / Francesco Rosselli -- Ove sei vita mia dov'è il tuo loco (seconda parte: Come sei stato o ciel come sei fero) / Orlando di Lassus -- Se ben non veggon gl'occhi / Gianetto da Palestina -- Madonna quand'io penso / Giovan Nasco -- Dolor non fu ne fia / Gianetto da Palestina -- O verde amena aprica & alta Villa (seconda parte: O nuoua terra e ricca) / Giovan Dominico da Nolla -- Struggom et mi disfaccio / Gianetto da Palestina -- Se lamentar augelli o verdi fronde / Gianetto da Pallestina -- CANZON. La notte che segui l'horribil caso (seconda parte: Riconosci colei che prima torse) (terza parte: Come non conosch'io l'alma mia Diua) / Orlando -- Pensier dicea ch'el cor m'aggiaci et ardi / D'incerto Autore -- Lasso s'anchor la mia penosa vista (seconda parte: Et voi lagrime amare che versate) / Iacomo Corfini.
=510  4\$aJ. Bernstein: Music Printing in Renaissance Venice: The Scotto Press, 1539-72 (New York, 1998),$cno. 358.
=510  4\$aRISM B/I,$c1570 ¹⁶
=546  \\$aItalian words.
=650  \0$aMadrigals, Italian.
=700  1\$aCartolaio, Giovanni,$ecomposer.
=700  1\$aCorfini, Jacopo,$d-1591,$ecomposer.
=700  1\$aLasso, Orlando di,$d1532-1594,$ecomposer.
=700  1\$aNasco, Giovanni,$dapproximately 1510-1561,$ecomposer.
=700  1\$aNola, Gian Domenico del Giovane da,$d-1592,$ecomposer.
=700  1\$aPalestrina, Giovanni Pierluigi da,$d1525?-1594,$ecomposer.
=700  1\$aRoussel, François,$dapproximately 1510-$ecomposer.
=700  1\$aScotto, Girolamo,$eprinter.
=752  \\$aItaly$dVenice.$2lcsh/naf
=856  41$uhttp://purl.org/rism/BI/1570/16$yDigitised score
=859  \\$aXLD$bDCW
=852  4\$cDRT$jDigital Store K.3.g.12$aBritish Library$bMUSIC
=985  \\$aRecord amended for WR# 13/070
=985  \\$aname title to add
=CAT  \\$aBATCH-DCW$b00$c20171218$lBLL01$h0202
=FIN  \\$aY$d20171218
=LKR  \\$aPAR$lBLL01$r776$b004590328$mPrima stella. De madrigali a cinque voci /$nPrima stella. De madrigali a cinque voci /
=DGM  \\$a004590328$bCatBridge variable field
=DRT  \\$aDCW
=SRC  \\$aDCW$bDCW_20171217
=OHC  \\$a1
=LAS  \\$aBATCH-DCW$b00$c20171218$lBLL01$h0202

