=LDR  05895 cm a22007697  4500
=001  018649611
=003  Uk
=005  20171218020208.0
=007  cr\mn\024mpada
=008  930325s1585\\\\it\mdz\\s\\\\\\\\\\\ita\\
=FMT  \\$a  MU
=019  d\$afh05960004
=040  \\$aUk$beng$cUk
=041  \\$aita$gita
=042  \\$aukblsr
=082  14$a780$215
=100  1\$aPrimavera, Giovan Leonardo,$dactive 16th century.
=240  10$aMadrigals,$nbook 7
=245  13$aIl settimo libro de madrigali a cinque voci /$cdel S. Gio. Leonardo Primavera ; novamente composto et dato in luce.
=264  \1$aIn Vinegia :$bAppresso l'Herede di Girolamo Scotto,$cMDLXXXV [1585]
=300  \\$a5 part books ;$c25 cm (4º)
=336  \\$anotated music$2rdacontent
=337  \\$acomputer$2rdamedia
=338  \\$aonline$2rdacarrier
=340  \\$m4to$2rdabf
=500  \\$aCollection of madrigals in 5 parts (SATBQ) by Giovan Leonardo Primavera, Ludovico Primavera and Pompeo Stabile.
=500  \\$aCopy at K.7.a.8. Canto (16 leaves); Alto (16 leaves); Tenore (12 leaves); Basso (16 leaves); Quinto (16 leaves); original foliation: [1-2], 3-31, [32] for all parts except Tenore, Tenore part has 9-31, [32]; paper dimensions: 230 x 168 mm.$5Uk
=500  \\$aCopy at K.7.a.8. Digitised score at http://purl.org/rism/BI/1585/31.$5Uk
=500  \\$aIncludes dedication from Gio. Leonardo Primavera to Carlo Gesualdo, in Italian.
=500  \\$aTranscribed title page from Canto part book: CANTO / IL SETTIMO LIBRO / DE MADRIGALI A CINQVE VOCI / DEL S. GIO. LEONARDO PRIMAVERA. / Nouamente composto et dato in Luce. / IN VINEGIA Appresso l'Herede di Girolamo Scotto. / M D LXXXV. [Other part books use this form]
=500  \\$aWith table of contents.
=505  0\$aFillida mia, piu che i ligustri bianca (seconda stanza: Tirrena mia, il cui color aguaglia) (terza stanza: Pastor che set'intorno) (quarta stanza: Pastor che per fuggir il cald' estivo) (quinta stanza: Ecco la notte) / [Giovan Leonardi Primavera] -- La ver [l'aurora] / di Ludovico Primavera -- Deh dimm'Amor / di Pompeo Stabile -- Quant'era megl'Amore / di Pompeo Stabile -- Virtù , senno, valor et legiadria / [Giovan Leonardi Primavera] ; rime del S. Gasparo Ziraldo -- Ardo, aghiaccio, pavento (seconda parte: Chiuso veggi'ogni guado) / [Giovan Leonardi Primavera] -- Quel che nel mezo de nemic'armati (seconda parte: La militia Giovanni pur rimbomba) / [Giovan Leonardi Primavera] -- S'amor novo consiglio non m'apporta / [Giovan Leonardi Primavera] -- Chi è fermato di menar sua vita (seconda stanza: L'aura soave) (terza stanza: Chiuso [gran tempo]) (quarta stanza: Come lume di notte) (quinta stanza: Non perch'io sia sicuro) (sesta stanza: S'io esca vivo) / [Giovan Leonardi Primavera] -- Nacque morto e sepolto questo core (seconda parte: Da quel duono n'usci tosto una fiamma) / [Giovan Leonardi Primavera] ; rime del S. Paulo Fenice -- Qual nav'in alto mar tra duri scogli (seconda stanza: Ne il mar quiete) (terza stanza: Altri hà prospero vento) (quarta stanza: Onde fallaci hà quest'instabil mondo) (quinta stanza: Quel che in remota e solitaria vita) (sesta stanza: Misero me che per ritrarm'in porto) / [Giovan Leonardi Primavera] ; rime del Rever. S. Raffaele Bonello -- Quanta gratia dal ciel / [Giovan Leonardi Primavera].
=510  4\$aF. Lesure and C. Sartori, Bibliografia della musica italiana vocale profana pubblicata dal 1500 al 1700 (Pomezia, 1977),$cno. 2276
=510  4\$aRISM B/I,$c1585 ³¹
=546  \\$aItalian words.
=650  \0$aMadrigals, Italian.
=700  1\$aGesualdo, Carlo,$cprincipe di Venosa,$dapproximately 1560-1613,$ededicatee.
=700  1\$aScotto, Melchiorre,$dapproximately 1540-1613,$eprinter.
=700  12$aPrimavera, Giovan Leonardo,$dactive 16th century.$tMadrigals,$nbook 7.$pArdo, aghiaccio, pavento.
=700  12$aPrimavera, Giovan Leonardo,$dactive 16th century.$tMadrigals,$nbook 7.$pChi è fermato di menar sua vita.
=700  12$aPrimavera, Giovan Leonardo,$dactive 16th century.$tMadrigals,$nbook 7.$pFillida mia, più che i ligustri bianca.
=700  12$aPrimavera, Giovan Leonardo,$dactive 16th century.$tMadrigals,$nbook 7.$pNacque morto e sepolto questo core.
=700  12$aPrimavera, Giovan Leonardo,$dactive 16th century.$tMadrigals,$nbook 7.$pQual nav'in alto mar tra duri scogli.
=700  12$aPrimavera, Giovan Leonardo,$dactive 16th century.$tMadrigals,$nbook 7.$pQuanta gratia dal ciel.
=700  12$aPrimavera, Giovan Leonardo,$dactive 16th century.$tMadrigals,$nbook 7.$pQuel che nel mezo de nemic'armati.
=700  12$aPrimavera, Giovan Leonardo,$dactive 16th century.$tMadrigals,$nbook 7.$pS'amor novo consiglio non m'apporta.
=700  12$aPrimavera, Giovan Leonardo,$dactive 16th century.$tMadrigals,$nbook 7.$pVirtù, senno, valor et legiadria.
=700  12$aPrimavera, Ludovico,$dactive 16th century.$tVer l'aurora.
=700  12$aStabile, Pompeo,$dactive 16th century.$tDeh dimm'Amor.
=700  12$aStabile, Pompeo,$dactive 16th century.$tQuant'era megl'Amore.
=710  2\$aScotto (Firm),$eprinter.
=752  \\$aItaly$dVenice.$2lcsh/naf
=856  41$uhttp://purl.org/rism/BI/1585/31$yDigitised score
=859  \\$aXLD$bDCW
=852  4\$cDRT$jDigital Store K.7.a.8.$aBritish Library$bMUSIC
=985  \\$aRecord amended for WR# 13/070
=985  \\$aCorrected by MS generated file for WR# 1805-0738
=CAT  \\$aBATCH-DCW$b00$c20171218$lBLL01$h0202
=CAT  \\$a1805-0738$c20190111$lBLL01$h1808
=CAT  \\$a1805-0738$b00$c20190111$lBLL01$h1828
=FIN  \\$aY$d20171218
=LKR  \\$aPAR$lBLL01$r776$b004590334$mIl settimo libro de madrigali a cinque voci /$nIl settimo libro de madrigali a cinque voci /
=DGM  \\$a004590334$bCatBridge variable field
=DRT  \\$aDCW
=SRC  \\$aDCW$bDCW_20171217
=OHC  \\$a1
=LAS  \\$a1805-0738$b00$c20190111$lBLL01$h1828

