=LDR  10091 cm a2201117 a 4500
=001  018649612
=003  Uk
=005  20171218020208.0
=007  cr\mn\024mpada
=008  930325s1563\\\\it\||z\\s\\\\\\\\\\\mul\\
=FMT  \\$a  MU
=019  d\$afj07130001
=019  d\$afj07130002
=019  x\$a271284016X
=040  \\$aUk$beng$cUk
=041  \\$aita$alat
=042  \\$aukblsr
=082  14$a780$215
=245  00$aLibro primo delle laudi spirituali /$cda diversi, eccell. e divoti autori, antichi e moderni composte ; le quali si usano cantare in Firenze nelle Chiese doppo il vespro ò la compieta à consolatione & trattenimento de divoti servi di Dio : con la propria musica e modo di cantare ciascuna Laude, come si è usato da gli antichi, et si usa in Firenze ; raccolte dal R.P. Fra Serafino Razzi Fiorentino, dell'ordine de' frati predicatori, à contemplatione delle monache, & altre divote persone. Nuovamente stampate.
=264  \1$aIn Venetia :$b[Per Francesco Rampazetto] ;$bAd instantia de' Giunti di Firenze,$cMDLXIII [1563]
=300  \\$a1 choir book ;$c24 cm (4º)
=336  \\$anotated music$2rdacontent
=337  \\$acomputer$2rdamedia
=338  \\$aonline$2rdacarrier
=340  \\$m4to$2rdabf
=500  \\$aCollection of laudi spirituali in one, two, three, and four parts (SATB) by anonymous composers.
=500  \\$aColophon: REGISTRO. / * A B C D E F G H I K L M N O P Q R S T V X Y Z / AA BB CC DD EE FF GG HH II KK LL MM NN OO. / Tutti sono duerni, eccetto * che è terno. / Stampata in Venetia, per Francesco Rampazetto, / ad instanzia de gli heredi di Bernardo Giunti / di Firenze. 1563.
=500  \\$aCopy at K.8.f.10. Digitised score at http://purl.org/rism/BI/1563/6.$5Uk
=500  \\$aCopy at K.8.f.10. original foliation: [i-vi], 1-147, [148] fols.; paper dimensions: 220 x 159 mm.$5Uk
=500  \\$aIncludes dedication by Flippo Giunti, signed "Di Firenze li X X X. di Luglio. 1563"; laudatory essay at the beginning and devotional poem at the end; Venetian imprimatur, granted by the Venetian Inquisitor of the time, Tommaso da Vicenza; colophon and signature register at the end.
=500  \\$aPublished by the Florentine branch of the Giunta publisher family known as "Heredi di Bernardo Giunti" and run by his sons, Tommaso and Giovanni Maria; printed in Venice by Francesco Rampazetto.
=500  \\$aTranscribed title page: Libro Primo / DELLE LAVDI SPIRITVALI / DA DIVERSI ECCELL. E DIVOTI AVTORI, / ANTICHI E MODERNI COMPOSTE. / Le quali si vsano cantare in Firenze nelle Chiese doppo il Vespro / ò la Compieta à consolatione & trattenimento / de' diuoti serui di Dio. / Con la propria Musica e modo di cantare ciascuna Laude, come si è usato / da gli antichi, & si usa in Firenze. / Raccolte dal R. P. Fra Serafino Razzi Fiorentino, dell'ordine / de' Frati Predicatori, à contemplatione delle Monache, / & altre diuote persone. / Nuouamente stampate. / Con Priuilegij della Illustriss. Signoria di Venetia, & del / Duca di Firenze, & di Siena. / In Venetia, ad instantia de' Giunti di Firenze. / M. D. LXIII.
=500  \\$aWith printed performance indications for the three-part song "Giesù mio, o, oy deh quanti don son per te" (fol. 117): "Il secondo, quando si comincia la prima uolta aspetti noue battute, Il terzo.xviij. / poi ciascuno seguiti replicando sempre da capo, fino a quanto piace."
=500  \\$aWith table of contents and table of authors at the beginning.
=505  0\$aLodate fanciullett'in suon'e canto -- Vergine bella, che di sol uestita -- Giesù sommo conforto -- Vengh'ogni cor ardente -- Molto piu guerra che pace -- Mai ripos'alcun non ha -- Quant'è grande la bellezza -- Dimmi dolce Maria, a che pensaui -- Ecco'l Messia, e la madre sua Maria -- Signore soccorr' aita -- Madre de peccatori Vergine pura -- Chi non ama te Maria -- Stabat mater dolorosa -- Cor malign'e pien di fraude -- L'agnellin sant'e humile -- Tu se tutta cortese madre nostra -- I' sent'al cor conforto -- Da che tu m'hai Dio -- Deh uenitene pastori -- Leuati su homai, Anim'e non dormire -- O Maria diana stella -- L'amor a me uenendo -- La carità è spenta -- Ecce quomodo moritur iustus -- O anim'accecata, tu ua per mala uia -- Christo uer'huom, e Dio -- Verbum caro factum est -- Si pensassi a piacer del paradise -- Leuiam'i nostri cori -- Dolce, felice, lieta, notte -- Che farà tu cor mio -- Giesù, Giesù, Giesù, ogn'un chiami Giesù -- Crucifixum in carne -- O Giesù dolce, o infinit'amore -- Spirti sian sempre gaudenti -- Pouertà, fatiche stenti -- O malign'e duro core -- Amor ch'in terra il tuo amor mandasti -- Lodiam col puro core -- Ogni giorno tu mi di -- Ripos'alcun non trouo Giesù -- Gia fu presa da te -- In su quel alto monte -- Dolce Dio sommo conforto -- I mi trouo Giesù da te lontano -- Peccatori Maria noi siamo -- Ierusalem letare, Eccol Signor che torna -- Aue Regina celi, Isposa del Signore -- Che faralla, che diralla -- Letanie. Sancta Maria, ora pro nobis -- Ome, ome, quanto misero se -- Alma che scarca dal corporeo uelo -- Iesus dulcis memoria, dans uera mundi gaudia -- Che bella uit'ha'l mond'un uillanello -- Dolor, pianto, e penitenza -- Se tua parola Giesù ne da uita -- Signor per la tua fe, morir uoglio per te -- O Signor mio deh non m'abbandonare --
=505  0\$aVorria saper da uoi figli ribelli -- O Vergin santa non m'abbandonare -- Stommi qui al monument'ogn'hor piangendo -- Lo fraticello si leua per tempo -- Torna, torna al freddo cor'onde partito se -- Vo gir all'hermo per farmi romito -- Facciam festa horsu facciamo -- Vm autem uenissent ad locum -- Ecce quam bonum -- Giesù mio, o, oy deh quanti don son per te -- Herod'il uolto mio pallid'e smorto -- Tre uirtù siamo Heroice & diuine -- Signor'io pur uorrei salir -- L'ottauo Tuono in contrapunto. Dixit dominus domino meo -- Si ch'i la uo seguire Maddalena feruente -- Maria uergine bella, scala che ascendi -- Ecco care sorelle il uer Messia -- Deh dolce Redentore, Giesù soccorri -- Giesù sommo diletto, e uero lume -- Signor Giesù quando sarò io mai -- Io son Giesù che sopra i rami d'oro -- Dalla piu alta stella -- Viua uiua in oratione ciaschedun con diuotione -- Conosco bene che pel peccato -- O dolce amor Giesù, quando sarò, nella tua carità -- Se tu donassi il core -- Chi'l Paradiso uuole a Maria uolti gliocchi -- In nulla si uuol porre, la sua speranza -- Quando ti sguardo in croce Signor mio -- Vergine santa gloriosa e degna -- Laudata sempre sia la Vergina Maria.
=510  3\$aFacsimile reprint (Bologna: Forni Editore, 1969).
=510  3\$aMargaret A. Mancuso, Serafino Razzi's Libro primo delle laudi spirituali (Venice: Rampazetto for Giunti, 1563): a critical edition and commentary, MA thesis, California State University, Long Beach, 1984.
=510  3\$aPatrick Macey, Bonfire songs: Savonarola's musical legacy (Oxford: Clarendon Press, 1998).
=510  3\$aWilliam A. Pettas, The Giunti of Florence: merchant publishers of the sixteenth century (San Francisco, 1980).
=510  4\$aPatrick Macey, 'The lauda and the cult of Savonarola', Renaissance Quarterly, 45/3 (1992),$c439-483
=510  4\$aRISM B/I,$c1563 ⁶
=650  \0$aLaude.
=700  0\$aCaterina de' Ricci,$cSaint,$d1522-1590,$ededicatee.
=700  0\$aClement$bXI,$cPope,$d1649-1721,$eother.
=700  0\$aFerdinando$bI,$cGrand-Duke of Tuscany,$d1549-1609,$eother.
=700  1\$aBattiloro, Giovambattista,$ecomposer.
=700  1\$aBelcari, Feo,$d1410-1484,$eauthor.
=700  1\$aBettini, Angelo,$eauthor.
=700  1\$aBianco, Iniesuato,$eauthor.
=700  1\$aBianco,$cdall'Ancolina,$eauthor.
=700  1\$aBuoninsegni, Hilario,$eauthor.
=700  1\$aCaiani, Pier Felice,$eauthor.
=700  1\$aCastelfranco, Felice da,$eauthor.
=700  1\$aCastellani, Castellano,$d1461-1519?,$eauthor.
=700  1\$aD'Astore, Gherardo,$eauthor.
=700  1\$aDella Casa, Marco,$eauthor.
=700  1\$aFabbroni, Niccolò,$eauthor.
=700  1\$aGiunta, Bernardo,$dactive 1567-1627,$epublisher.
=700  1\$aGiunta, Filippo,$d1533-1600,$ededicator.
=700  1\$aGiunta, Giovanni Maria,$d-1569,$epublisher.
=700  1\$aGiunta, Tommaso,$d1494-1566,$epublisher.
=700  1\$aGiustiniani, Leonardo,$dapproximately 1388-1446,$eauthor.
=700  1\$aLandini, Buonifacio,$eauthor.
=700  1\$aMalatesta, Battista,$dc. 1384-1448,$eauthor.
=700  1\$aMariscotti, Iacopo,$eauthor.
=700  1\$aMedici, Lorenzo de',$d1449-1492,$eauthor.
=700  1\$aPallaio, Simon,$eauthor.
=700  1\$aPetrarca, Francesco,$d1304-1374,$eauthor.
=700  1\$aPoggibonzi, Bastiano da,$eother.
=700  1\$aRampazetto, Francesco,$dactive 1540-1576,$eprinter.
=700  1\$aRazzi, Serafino,$d1531-$ecompiler,$eauthor.
=700  1\$aSavonarola, Girolamo,$d1452-1498,$eauthor.
=700  1\$aTornabuoni, Lorenzo,$d1468-1497,$eauthor.
=700  1\$aTornabuoni, Lucrezia,$d1425-1482,$eauthor.
=700  1\$aVarchi, Benedetto,$d1503-1565,$eauthor.
=710  2\$aBernardo Giunti e fratelli,$epublisher.
=710  2\$aFrancesco Rampazetto (Firm),$eprinter.
=710  2\$aHaeredes Bernardi Iuntae,$epublisher.
=752  \\$aItaly$dVenice.$2lcsh/naf
=856  41$uhttp://purl.org/rism/BI/1563/6$yDigitised score
=859  \\$aXLD$bDCW
=852  4\$cDRT$jDigital Store K.8.f.10.$aBritish Library$bMUSIC
=985  \\$aRecord amended for WR# 13/070
=985  \\$aname title to add
=985  \\$aCorrected by MS generated file for WR# 1805-0738
=CAT  \\$aBATCH-DCW$b00$c20171218$lBLL01$h0202
=CAT  \\$a1805-0738$c20190111$lBLL01$h1808
=CAT  \\$a1805-0738$b00$c20190111$lBLL01$h1828
=FIN  \\$aY$d20171218
=LKR  \\$aPAR$lBLL01$r776$b004600320$mLibro primo delle laudi spirituali /$nLibro primo delle laudi spirituali /
=DGM  \\$a004600320$bCatBridge variable field
=DRT  \\$aDCW
=SRC  \\$aDCW$bDCW_20171217
=OHC  \\$a2
=LAS  \\$a1805-0738$b00$c20190111$lBLL01$h1828

