=LDR  05730 cm a22008297  4500
=001  018649613
=003  Uk
=005  20171218020208.0
=007  cr\mn\024mpada
=008  930325s1544\\\\gw\||z\\s\\\\\\\\\\\lat\\
=FMT  \\$a  MU
=019  d\$afj21020011
=040  \\$aUk$beng$cUk
=041  \\$alat$glat
=042  \\$aukblsr
=082  14$a780$215
=245  00$aPostremum vespertini officii opus, cuius priores partes, iam antea typis nostris aeditae sunt.$bMagnificat octo modorum seu tonorum numero xxv. Quae commendationem habebunt, cum ex authoribus, tum ex ipsa harmonia.
=264  \1$aWittembergae :$bapud Georgium Rhaw, musicae typographum,$c1544.
=300  \\$a4 part books ;$c16 x 21 cm (oblong 4º)
=336  \\$anotated music$2rdacontent
=337  \\$acomputer$2rdamedia
=338  \\$aonline$2rdacarrier
=340  \\$m4to$2rdabf
=500  \\$aCollection of magnificats in four parts.
=500  \\$aColophon of tenor part book: Wittembergae apud Geor= / gium Rhaw Musicae / Typographum. / ANNO. M.D.XLIIII.
=500  \\$aCopy at K.4.d.14. DISCANTVS (60), ALTVS (64), TENOR (58), BASSVS (52); Discantus (II-LVIII), Altus (II-LXIIII), Tenor ( I-LVI), Bassus (II-LI); Tenor book skips from page XXIIII to XXVIII, leaving out XXV-XXVII; paper dimensions: 150 x 195 mm.$5Uk
=500  \\$aCopy at K.4.d.14. Digitised score at http://purl.org/rism/BI/1544/4.$5Uk
=500  \\$aIn tenor part book below title are woodcut pictures of Martin Luther, Johann Friedrich Duke of Saxony, and Philipp Melanchthon.
=500  \\$aThe Magnificat Tertij Toni and Magnificat Octavi Toni by Iacheti could be by either Jacquet of Mantua or Jachet de Berchem.
=500  \\$aTranscribed title page from discantus part book: MAGNIFICAT OCTO / TONORVM. / MORALIS HISPANI / ET ADAMI / RE= / NERI. / DISCANTVS.
=500  \\$aTranscribed title page from tenor part book: POSTREMUM VESPERTINI OFFICII OPVS, / Cuius priores partes, iam antea typis nostris aeditae sunt. / MAGNIFICAT / OCTO MODORVM SEV TONORVM / NUMERO XXV. / Quae commendationem habebunt, cum ex Authoribus, / tum ex ipsa harmonia.
=500  \\$aWith preface by Georg Rhau in Latin.
=505  0\$aMagnificat Primi Toni / Moralis Hispani -- Magnificat Secundi Toni / Morales -- Magnificat Tertij Toni / Iacheti -- Magnificat Qvarti Toni / Moralis -- Magnificat Qvinti Toni / Richaforti -- Magnificat Sexti Toni / Moralis -- Magnificat Septimi Toni / Moralis -- Magnificat Octavi Toni / Tvgdval -- Magnificat Octavi Toni / Iacheti -- Magnificat Qvarti Toni / Loiset Pieton -- Magnificat Primi Toni / Incerto Authore -- Magnificat Primi Toni / Adami Reneri -- Magnificat Secvndi Toni / Adami Reneri -- Magnificat Tertii Toni / Adami Reneri -- Magnificat Qvarti Toni / Adami Reneri -- Magnificat Qvinti Toni / Adami Reneri -- Magnificat Sexti Toni / Adami Reneri -- Magnificat Septimi Toni / Adami Reneri -- Magnificat Octavi Toni / Adami Reneri -- Magnificat Tertii Toni / Anto. de Fevin -- Magnificat Qvarti Toni / Anto. de Fevin -- Magnificat Tertii Toni / Pipelare -- Magnificat Secvndi Toni / Anto. Divitis -- Magnificat Qvarti Toni / Petri de la Rue -- Magnificat Septimi Toni / Io. Gallicvli -- Psalmvs Sextvs (Domine, ne in furore) (secunda pars: Discedite a me omnes) / Philip. Verdelot -- Domine libera me.
=510  4\$aRISM B/I,$c1544 ⁴
=546  \\$aLatin words.
=650  \0$aChoruses, Sacred (Mixed voices, 4 parts), Unaccompanied$vParts.
=650  \0$aMagnificat (Music)
=700  0\$aJacquet,$cof Mantua,$d1483-1559,$ecomposer.
=700  1\$aBerchem, Jachet de,$dactive 16th century,$ecomposer.
=700  1\$aDivitis, Antonius,$dapproximately 1475-$ecomposer.
=700  1\$aFévin, Antoine de,$ecomposer.
=700  1\$aGalliculus, Johannes,$dactive 16th century,$ecomposer.
=700  1\$aGläser, Sebastian,$eother.
=700  1\$aLa Rue, Pierre de,$d-1518,$ecomposer.
=700  1\$aLorentz, Christophorus,$eother.
=700  1\$aMenon, Tuttovale,$dactive approximately 1538-52,$ecomposer.
=700  1\$aMorales, Cristóbal de,$dapproximately 1500-1553,$ecomposer.
=700  1\$aPipelare, Matthaeus,$dapproximately 1450-approximately 1515,$ecomposer.
=700  1\$aPiéton, Loyset,$ecomposer.
=700  1\$aRener, Adam,$dapproximately 1485-approximately 1520,$ecomposer.
=700  1\$aRhaw, Georg,$d1488-1548,$eprinter.
=700  1\$aRichafort, Jean,$dactive 1507-1548,$ecomposer.
=700  1\$aSpangenberg, Johann,$ecomposer.
=700  1\$aVerdelot, Philippe,$d-approximately 1565,$ecomposer.
=752  \\$aGermany$dWittenberg.$2lcsh/naf
=856  41$uhttp://purl.org/rism/BI/1544/4$yDigitised score
=859  \\$aXLD$bDCW
=852  4\$cDRT$jDigital Store K.4.d.14.$aBritish Library$bMUSIC
=985  \\$aEarly Music Online project
=985  \\$aRecord amended for WR# 13/070
=985  \\$aname title to add
=985  \\$aCorrected by MS generated file for WR# 1805-0738
=CAT  \\$aBATCH-DCW$b00$c20171218$lBLL01$h0202
=CAT  \\$a1805-0738$c20190111$lBLL01$h1808
=CAT  \\$a1805-0738$b00$c20190111$lBLL01$h1828
=FIN  \\$aY$d20171218
=LKR  \\$aPAR$lBLL01$r776$b004607016$mPostremum vespertini officii opus, cuius priores partes, iam antea typis nostris aeditae sunt. Magnificat octo modorum seu tonorum numero xxv. Quae commendationem habebunt, cum ex authoribus, tum ex ipsa harmonia.$nPostremum vespertini officii opus, cuius priores partes, iam antea typis nostris aeditae sunt. Magnificat octo modorum seu tonorum numero xxv. Quae commendationem habebunt, cum ex authoribus, tum ex ipsa harmonia.
=DGM  \\$a004607016$bCatBridge variable field
=DRT  \\$aDCW
=SRC  \\$aDCW$bDCW_20171217
=OHC  \\$a1
=LAS  \\$a1805-0738$b00$c20190111$lBLL01$h1828

