=LDR  04536 cm a22006497  4500
=001  018649614
=003  Uk
=005  20171218020208.0
=007  cr\mn\024mpada
=008  930401s1585\\\\it\||z\\s\\\\\\\\\\\ita\\
=FMT  \\$a  MU
=019  d\$agg01070025
=040  \\$aUk$beng$cUk
=042  \\$aukblsr
=082  14$a780$215
=100  1\$aStriggio, Alessandro,$d1536 or 1537-1592.
=240  10$aMadrigals,$mvoices (5),$nbook 1
=245  13$aIl primo libro de madrigali a cinque voci /$cdi Alessandro Striggio, gentilhuomo Mantovano.
=250  \\$aNovamente ristampato.
=264  \1$aIn Vinegia :$bAppresso l'Herede di Girolamo Scotto,$cMDLXXXV [1585]
=300  \\$a5 part books ;$c24 x 18 cm (4º)
=336  \\$anotated music$2rdacontent
=337  \\$acomputer$2rdamedia
=338  \\$aonline$2rdacarrier
=340  \\$m4to$2rdabf
=500  \\$aCollection of madrigals in five parts (SATB5).
=500  \\$aCopy at K.7.a.10. CANTO (20 leaves) ALTO (20 leaves) TENORE (20 leaves) BASSO (20 leaves) QVINTO (20 leaves); original pagination: Canto: [1], 2-39, [40] Alto: [1], 2-39, [40] Tenore: [1], 2-26, [27], 28-39, [40] Basso: [1], 2-39, [40] Quinto: [1], 2-21, 23, 22, 24-39, [40]; paper dimensions: 231 x 170 mm.$5Uk
=500  \\$aCopy at K.7.a.10. Digitised score at http://purl.org/rism/BI/1585/34.$5Uk
=500  \\$aPrevious editions include RISM B/I 1560/23, 1560/24, 1560/24A, 1564/19, 1566/21, and 1569/35.
=500  \\$aTitle from Canto part book.
=500  \\$aTranscribed title page from Canto part book: DI ALESSANDRO STRIGGIO / GENTILHVOMO MANTOVANO / IL PRIMO LIBRO DE MADRIGALI / A CINQVE VOCI. / Nouamente ristampato. / IN VINEGIA Appresso l'Herede di Girolamo Scotto. / M D LXXXV.
=500  \\$aWith table of contents: 'TAVOLA DELLI MADRIGALI'.
=505  0\$aO de la bell' Etruria (seconda parte: Degno che dotte historie) -- Inuidioso Amor -- Felice l'alma che per voi sospira -- Mentre la donna anzi la vita mia -- Caro dolce ben mio -- Giouane Illustre (seconda parte: Alma reale) (terza parte: O sopra l'altre aventuros'etate) -- Epitalamio. Hor che lucente e chiara (seconda parte: A i gigli e'a le uiole) (terza parte: Ecco ch'ei giunge a noi) (quarta parte: Hor mentr'il bel pianeta) (quinta & vltima parte: Che quest'e quel) -- Chi brama al maggior caldo -- Pensai lasso fra quest'alpestri monti -- Notte felice -- Era la mia virtu quasi smarrita -- Era'l bel viso suo -- Donna felice & bella (seconda parte: Se ne la mente mia) -- Madonna il vostro petto -- Torbido'il Mincio corre (seconda parte: Una celeste Nube) -- Miser' hoime chi potra piu'allegrarmi -- Misero piu d'ogn'huo[m] -- Che deggio far -- Arse cosi per voi do[n]na il mio core -- Ditemi o donna mia ditem'un poco -- Illustre'alma gentile (seconda parte: Non puo'ingegno mortale) -- Si dolc'e d'amar voi lo mio desio -- Ridon liete le riue ([seconda parte]: Paghi dunqu'il mio pianto) -- Quanto priuo di te -- Non fiammeggiau'anchor nel'oriente -- Ardendo i grido'e moro -- Voi se col raggio di virtute ardente (seconda parte: Ch'alzato al suon di mie piu chiare squille) -- Poi che morta'e colei -- Donna bell'e gentil / Gianetto da Palestrina -- O voi che sotto l'amorose insegne (seconda parte: Si dira poi ciascun) / Cipriano.
=510  4\$aJ. Bernstein: Music Printing in Renaissance Venice: The Scotto Press, 1539-72 (New York, 1998), no. 185.
=510  4\$aRISM B/I,$c1585 ³⁴
=546  \\$aItalian words.
=650  \0$aMadrigals, Italian.
=700  1\$aPalestrina, Giovanni Pierluigi da,$d1525?-1594,$ecomposer.
=700  1\$aRore, Cipriano de,$d1515 or 1516-1565,$ecomposer.
=700  1\$aScotto, Melchiorre,$eprinter.
=752  \\$aItaly$dVenice.$2lcsh/naf
=856  41$uhttp://purl.org/rism/BI/1585/34$yDigitised score
=859  \\$aXLD$bDCW
=852  4\$cDRT$jDigital Store K.7.a.10.$aBritish Library$bMUSIC
=985  \\$aRecord amended for WR# 13/070
=985  \\$aname title to add
=985  \\$aCorrected by MS generated file for WR# 1805-0738
=CAT  \\$aBATCH-DCW$b00$c20171218$lBLL01$h0202
=CAT  \\$a1805-0738$c20190111$lBLL01$h1808
=CAT  \\$a1805-0738$b00$c20190111$lBLL01$h1828
=FIN  \\$aY$d20171218
=LKR  \\$aPAR$lBLL01$r776$b004686550$mIl primo libro de madrigali a cinque voci /$nIl primo libro de madrigali a cinque voci /
=DGM  \\$a004686550$bCatBridge variable field
=DRT  \\$aDCW
=SRC  \\$aDCW$bDCW_20171217
=OHC  \\$a1
=LAS  \\$a1805-0738$b00$c20190111$lBLL01$h1828

