=LDR  05252 cm a22006377  4500
=001  018649615
=003  Uk
=005  20171218020208.0
=007  cr\mn\024mpada
=008  930401s1575\\\\enk||z\\s\\\\\\\\\\\lat\\
=FMT  \\$a  MU
=019  d\$agg16500025
=040  \\$aUk$beng$cUk
=041  \\$alat$geng
=042  \\$aukblsr
=082  14$a780$215
=100  1\$aTallis, Thomas,$dapproximately 1505-1585,$ecomposer.
=240  10$aVocal music.$kSelections
=245  10$aCantiones, quae ab argumento sacrae vocantur :$bquinque et sex partium /$cautoribus Thoma Tallisio & Guilielmo Birdo, Serenissimae Regineae Majestati à privato Sacello generosis, & Organistis.
=264  \1$a[London] :$bExcudebat Thomas Vautrollerius typographus Londinensis in claustro vulgo Blackfriers commorans,$c1575.
=300  \\$a6 part books ;$c15.4 x 19.2 cm (oblong 4º)
=336  \\$anotated music$2rdacontent
=337  \\$acomputer$2rdamedia
=338  \\$aonline$2rdacarrier
=340  \\$m4to$2rdabf
=500  \\$aCollection of motets in 5 to 8 parts known as the Cantiones sacrae.
=500  \\$aCopy at K.3.f.9. Digitised score at http://purl.org/rism/BI/1575/3.$5Uk
=500  \\$aCopy at K.3.f.9. Superius (32 leaves), Discantus (32 leaves), Contratenor (32 leaves), Tenor (32 leaves), Bassus (32 leaves), Sexta Pars (17 leaves); paper dimensions: 154 x 192 mm.$5Uk
=500  \\$aIncludes index. Prefatory material includes the poem 'DE ANGLORUM MUSICA', a dedication to Queen Elizabeth I, and poems by Richard Mulcaster and Ferdinando Richardson. Ends with 'AUTORES CANTIONUM AD LECTOREM' and 'THE EXTRACT AND EFFECT OF THE QUENES / Majesties letters patents to Thomas Tallis and VVilliam Birde, / for the printing of musike.'
=500  \\$aTranscribed title page from Superius part book: CANTIONES, QVAE AB / ARGVMENTO SACRAE VOCANTVR, / QVINQVE ET SEX PARTIVM, AVTORIBVS / Thoma Tallisio & Guilielmo Birdo Anglis, Serenis- / simae Regineae Maiestati à priuato Sacello ge- / nerosis, & Organistis. / CVM PRIVILEGIO. / Excudebat Thomas Vautrollerius typographus Lon- / dinensis in claustro vulgo Blackfriers / commorans, / 1575.
=505  0\$aSalvator mu[n]di / T. Tallis -- Absterge Domine / T. Tallis -- In manus tuas / T. Tallis -- Emendemus in melius / W. Birdi -- Ad juvanos Deus salutaris noster (secunda pars) / W. Birdi -- Libera me Domine, & pone me juxta te / W. Birdi -- Dies mei transierunt (secunda pars) / W. Birdi -- Peccante[m] me quotidie / W. Birdi -- Mihi aute[m] nimis / T. Tallis -- O nata lux de lumine / T. Tallis -- O sacru[m] co[n]vivium / T. Tallis -- Aspice Domine quia facta est desolata civitas / W. Birdi -- Attollite portas / W. Birdi -- O Lux beata trinitas -- W. Birdi -- Deo Patri sit gloria (secunda pars) / W. Birdi -- Dereli[n]quit impius / T. Tallis -- Sabbathum, Dum Transisset Sabbathum / T. Tallis -- Virtus, honor, virtus & potestas / T. Tallis -- Illae du[m] pergu[n]t / T. Tallis -- Claro paschali gaudio (secunda pars) / T. Tallis -- Rex Christi eleme[n]tissime (tertia pars) / T. Tallis -- Laudate pueri Dominum / W. Birdi -- Memento homo quod cinis / W. Birdi -- Siderum rector Deus alme / W. Birdi -- Procul recedant somnia / T. Tallis -- Procul recedant somnia (secunda pars) / T. Tallis -- Salvator mu[n]di / T. Tallis -- Facti sunt nazarei / T. Tallis -- Da mihi auxilium / W. Birdi -- Domine, secundu[m] actum meum -- W. Birdi -- Ideo deprecor (secunda pars) / W. Birdi -- Diliges Dominu[m] Deum tuum / W. Birdi -- In jejunio & fletu / T. Tallis -- Suscipe quaeso domine / T. Tallis -- Si enim iniquitates recordaberis (secunda pars) / T. Tallis -- Miserere mihi Domine / W. Birdi -- Tribue Domine / W. Birdi -- Te deprecor supplico (secunda pars) / W. Birdi -- Gloria Patri qui creavit nos (tertia pars) / W. Birdi -- Libera me Domine de morte aeterna / W. Birdi -- Miserere nostri Domine / T. Tallis (W. Birdi in Discantus)
=510  4\$aHarry B. Lincoln, The Latin Motet: Indexes to Printed Collections, 1500-1600 (Ottawa: Institute of Medieval Music, 1993).
=510  4\$aRISM B/I,$c1575 ³
=546  \\$aLatin words with patent statement in English.
=650  \0$aMotets.
=700  0\$aElizabeth$bI,$cQueen of England,$d1533-1603,$ededicatee.
=700  1\$aByrd, William,$d1539 or 1540-1623,$ecomposer.
=700  1\$aVautrollier, Thomas,$d-1587,$eprinter.
=752  \\$aEngland$dLondon.$2lcsh/naf
=856  41$uhttp://purl.org/rism/BI/1575/3$yDigitised score
=859  \\$aXLD$bDCW
=852  4\$cDRT$jDigital Store K.3.f.9.$aBritish Library$bMUSIC
=985  \\$aEarly Music Online project
=985  \\$aRecord amended for WR# 13/070
=985  \\$aname title to add
=985  \\$aCorrected by MS generated file for WR# 1805-0738
=CAT  \\$aBATCH-DCW$b00$c20171218$lBLL01$h0202
=CAT  \\$a1805-0738$c20190111$lBLL01$h1808
=CAT  \\$a1805-0738$b00$c20190111$lBLL01$h1828
=FIN  \\$aY$d20171218
=LKR  \\$aPAR$lBLL01$r776$b004692801$mCantiones, quae ab argumento sacrae vocantur : quinque et sex partium /$nCantiones, quae ab argumento sacrae vocantur : quinque et sex partium /
=DGM  \\$a004692801$bCatBridge variable field
=DRT  \\$aDCW
=SRC  \\$aDCW$bDCW_20171217
=OHC  \\$a1
=LAS  \\$a1805-0738$b00$c20190111$lBLL01$h1828

