=LDR  06270ccm a2200889 a 4500
=001  018649616
=003  Uk
=005  20171218020208.0
=007  cr\mn\024mpada
=008  930401s1560\\\\gw\moz\\s\\\\\\\\\\\mul\\
=FMT  \\$a  MU
=019  d\$agj11830002
=019  d\$agj11830003
=040  \\$aUk$beng$cUk
=041  \\$alat$aita$ager
=042  \\$aukblsr
=082  14$a780$215
=245  00$aSelectissimorum triciniorum.
=264  \1$aNoribergae :$bIn officina Joannis Montani & Ulrici Neuberi sociorum,$c[1560]
=300  \\$a3 part books ;$c10 x 14 cm (oblong 8º)
=336  \\$anotated music$2rdacontent
=337  \\$acomputer$2rdamedia
=338  \\$aonline$2rdacarrier
=340  \\$m8vo$2rdabf
=500  \\$aCollection of three-part motets and songs (STB).
=500  \\$aCopy at K.8.i.1.(1.). Digitised score at http://purl.org/rism/BI/1560/1.$5Uk
=500  \\$aCopy at K.8.i.1.(1.). Discantus (73 leaves), Bassus (69 leaves); paper dimensions: 85 x 125 mm.$5Uk
=500  \\$aThis is probably the first of a series of 3 books of Tricinia by this publisher, volume 2 being RISM B/I 1560/2, and volume 3 being RISM A/I F 0720, although the publication date of volume 3 is a year earlier than volumes 1 & 2.
=500  \\$aTranscribed title page from bassus part book: SELECTIS= / SIMORVM TRI= / CINIORVM / BASSVS. / Noribergae, in officina Ioannis Montani, / & Vlrici Neuberi sociorum.
=500  \\$aTranscribed title page from discantus part book: SELECTIS= / SIMORVM TRI= / CINIORVM / DISCANTVS. / Noribergae, in officina Ioannis Montani, / & Vlrici Neuberi sociorum.
=505  0\$aIn Domino confido (secunda pars: Dominus in templo sancto) / [Thomas Stolzer] -- Pater à nullo est sancto / Sampson -- Ach Gott wie la[n]g / Bened. Ducis -- Auss tieffer not schrey ich zu dir / Bened. Ducis -- Ich glaub, un[d] darumb rede ich / Bened. Ducis -- Quem tremu[n]t impia / H. Isaac -- Tristicia vestra / H. Isaac -- Quae est ista -- So ich bedenck -- Was sol ich machen -- Die brünlin die da fliessen / H. Isaac -- Tota pulchra es (secunda pars: Jam enim hyems) -- Beati omnes (secunda pars: Ecce sic benedicetur) -- Effunde iram tuam in gentes / Concilium -- Illumina oculos meos (secunda pars: Fac mecum) / versus S. Bernhardi -- Si bona suscepimus -- Oi me patientia / Rup. Unterholtzer -- Sol occasum nesciens / H. Isaac -- An wasser flüssen Babylo[n] / Bened. Ducis -- All mein mut auch hertz und sin / H. Isaac -- Sia maledet' amore / Jo. Grro -- Tanta beltad' e' n voi / Jo. Grro -- Non fia giamai in quest' / Jo. Gero -- Sio havesse tant' ardire / Jo. Gero -- Sia benedett' amore / Jo. Gero -- Je ne fais rien / Janequin -- Quando Madonna / Jo. Gero -- Per ampla strada / Jo. Gero -- Se'l dol[c]e sdegn' / Jo. Gero -- Vostre beaulte / Jacotin -- Perot viĕdras tu aux nopces / Adrian Willart -- A tu point veu la viscontine / Adrian Willart -- O Felici pensier / Jo. Gero -- Ha che voi piu cruciarm / Jo. Gero -- Madonna preg' il del che mi confonda / Jo. Gero -- Baises moy ta[n]t / Adrian Willart -- Naves point veu mal assenee / Richafort -- Privo dil quel che gra[n] tempo / Jo. Gero -- Madonn' io u' am' /Jo. Gero -- Vignon vignette / Janequin -- Amy souffre que je vous -- Ily trop ayme vrayement -- Ces facheur sotz -- Adieu mes amours -- Si par soffrir -- Amour vault trop -- Jamais naymray -- Naymes jamais ces gens de court -- Et dont venes vous -- Le gra[n]d desir daymer / Johan. Mouton.
=510  4\$aRISM B/I,$c1560 ¹
=546  \\$aLatin, Italian or German words.
=650  \0$aMadrigals.
=650  \0$aMotets.
=650  \0$aPart songs, German.
=650  \0$aPolyphonic chansons.
=700  02$aJacotin.$tVostre beaulté jeune.
=700  1\$aNeuber, Ulrich,$d-1571,$eprinter.
=700  1\$aVom Berg, Johann,$d-1563,$eprinter.
=700  12$aConseil, Jean,$d1498 or 1501-1534.$tEffunde iram tuam in gentes.
=700  12$aDucis, Benedictus,$dapproximately 1490-1544,$eAch Gott, wie lang.
=700  12$aDucis, Benedictus,$dapproximately 1490-1544.$tAn Wasserflüssen Babylon,$mvoices (3)
=700  12$aDucis, Benedictus,$dapproximately 1490-1544.$tAus tiefer Not.
=700  12$aDucis, Benedictus,$dapproximately 1490-1544.$tIch glaub und darum rede ich.
=700  12$aGero, Ihan,$dactive 1540-1555.$tMadrigali italiani et canzoni francese.$kSelections.
=700  12$aIsaac, Heinrich,$dapproximately 1450-1517.$tAl mein Mut.
=700  12$aIsaac, Heinrich,$dapproximately 1450-1517.$tBrünlin die da fliessen.
=700  12$aIsaac, Heinrich,$dapproximately 1450-1517.$tQuem tremunt impia.
=700  12$aIsaac, Heinrich,$dapproximately 1450-1517.$tSol occasum nesciens.
=700  12$aIsaac, Heinrich,$dapproximately 1450-1517.$tTristitia vestra.
=700  12$aJanequin, Clément,$dapproximately 1495-approximately 1560.$tJe ne fais rien que requérir.
=700  12$aJanequin, Clément,$dapproximately 1495-approximately 1560.$tVignon vignette.
=700  12$aRichafort, Jean,$dactive 1507-1548.$tN'avez point veu mal assenée.
=700  12$aSampson,$dactive 1516.$tPater à nullo est factus.
=700  12$aStoltzer, Thomas,$d-1526.$tIn Domino confido.
=700  12$aUnterholtzer, Rupert.$tOi me patientia.
=700  12$aWillaert, Adrian,$d1490?-1562.$tChansons,$mvoices (3).$kSelections.
=710  2\$aJohann vom Berg und Ulrich Neuber (Firm),$eprinter.
=752  \\$aGermany$dNuremberg.$2lcsh/naf
=856  41$uhttp://purl.org/rism/BI/1560/1$yDigitised score
=859  \\$aXLD$bDCW
=852  4\$cDRT$jDigital Store K.8.i.1.(1.)$aBritish Library$bMUSIC
=985  \\$aRecord amended for WR# 13/070
=985  \\$aname headings for Sampson, and Rupert Unterholtzer need work
=985  \\$aCorrected by MS generated file for WR# 1805-0738
=CAT  \\$aBATCH-DCW$b00$c20171218$lBLL01$h0202
=CAT  \\$a1805-0738$c20190111$lBLL01$h1808
=CAT  \\$a1805-0738$b00$c20190111$lBLL01$h1828
=CAT  \\$aBATCH-UPD$b00$c20220605$lBLL01$h2138
=FIN  \\$aY$d20171218
=LKR  \\$aPAR$lBLL01$r776$b004709062$mSelectissimorum triciniorum.$nSelectissimorum triciniorum.
=DGM  \\$a004709062$bCatBridge variable field
=DRT  \\$aDCW
=SRC  \\$aDCW$bDCW_20171217
=OHC  \\$a2
=LAS  \\$aBATCH-UPD$b00$c20220605$lBLL01$h2138

