=LDR  04494 cm a2200637 a 4500
=001  018649617
=003  Uk
=005  20171218020208.0
=007  cr\mn\024mpada
=008  930401s1586\\\\it\mdz\\s\\\\\\\\\\\ita\\
=FMT  \\$a  MU
=019  d\$agj12750001
=040  \\$aUk$beng$cUk
=042  \\$aukblsr
=082  14$a780$215
=100  1\$aTristabocca, Pasquale.$dactive 1586-1591.
=240  10$aMadrigals,$mvoices (5)
=245  13$aIl secondo libro di madrigali a cinque voci :$bnovamente posto in luce /$cdi Pasquale Trista Bocca da l'Aquila.
=264  \1$aIn Vinegia :$bAppresso l'Herede di Girolamo Scotto,$cMDLXXXVI [1586]
=300  \\$a5 part books ;$c25 cm (4º)
=336  \\$anotated music$2rdacontent
=337  \\$acomputer$2rdamedia
=338  \\$aonline$2rdacarrier
=340  \\$m4to$2rdabf
=500  \\$aCollection of madrigals in 5 parts (SATBQ) by Pasquale Tristabocca, with one madrigal by Giovanni de' Bardi, conte di Vernio.
=500  \\$aCopy at K.7.a.11. Canto (12 leaves); Alto (12 leaves); Tenore (8 leaves); Basso (12 leaves); Quinto (12 leaves); original foliation: Canto: [1-2], 3-23, [24]; Alto: [1-2], 3-23, [24]; Tenore: 9-23, [24]; Basso: [1-2], 3-23, [24]; Quinto: [1-2], 3-23, [24]; paper dimensions: 227 x 170 mm.$5Uk
=500  \\$aCopy at K.7.a.11. Digitised score at http://purl.org/rism/BI/1586/20.$5Uk
=500  \\$aIncludes dedication from Pasquale Tristabocca to Grand-Duchess Bianca, consort of Francesco I, Grand-Duke of Tuscany, in Italian.
=500  \\$aTranscribed title page from Canto part book: DI PASCVALE TRISTA BOCCA / DA L'AQVILA / IL SECONDO LIBRO DI MADRIGALI / A CINQVE VOCI / Nouamente posto in Luce. / IN VINEGIA Appresso l'Herede di Girolamo Scotto. / M D LXXXVI.
=500  \\$aWith table of contents.
=505  0\$aHa Flora alba la sera / [Pasquale Tristabocca] -- D'avorio latte e neve la gola / [Pasquale Tristabocca] -- Filli, tu pur sei quella / [Pasquale Tristabocca] -- Mentre mia stella miri i bei celesti giri / [Pasquale Tristabocca] -- Ecco, Flora gentil, maggio sereno / [Pasquale Tristabocca] -- Non veggio ove scampar mi possa (seconda parte: E l'imagini lor son si cosparte) / [Pasquale Tristabocca] -- Misera, che faro? Dirò ch'io moro? / [Pasquale Tristabocca] -- Se voi set'il mio sol / [Pasquale Tristabocca] -- Amor, io sento un respirar / [Pasquale Tristabocca] -- Liete e pensose, accompagnate e sole (seconda parte: Chi pon freno a gl'amanti) / [Pasquale Tristabocca] -- Cantai un tempo (seconda parte: O fortunato chi raffren'in tanto) (terza parte: Misero, che sperava esser in via) / Gio. Bardi de Conti di Vernio -- Vezzosi augelli infra le verdi fronde / [Pasquale Tristabocca] -- Udiasi Filomena lamentare con la garrula Progne / [Pasquale Tristabocca] -- Misera, chi m'ascolta a che mi doglio / [Pasquale Tristabocca] -- Ohimè lasso e quante volte pensoso e solo / [Pasquale Tristabocca] -- Donna, mentre io vi miro / [Pasquale Tristabocca] -- Lasso perche mi fuggi / [Pasquale Tristabocca] -- O benedetta l'aura / [Pasquale Tristabocca].
=510  4\$aF. Lesure and C. Sartori, Bibliografia della musica italiana vocale profana pubblicata dal 1500 al 1700 (Pomezia, 1977),$cno. 2752
=510  4\$aRISM B/I,$c1586 ²⁰
=546  \\$aItalian words.
=650  \0$aMadrigals, Italian.
=700  0\$aBianca,$cGrand-Duchess, consort of Francesco I, Grand-Duke of Tuscany,$d1548-1587,$ededicatee.
=700  1\$aBardi, Giovanni de',$cconte di Vernio,$d1534-1612,$ecomposer.
=700  1\$aScotto, Melchiorre,$dapproximately 1540-1613,$eprinter.
=710  2\$aScotto (Firm),$eprinter.
=752  \\$aItaly$dVenice.$2lcsh/naf
=856  41$uhttp://purl.org/rism/BI/1586/20$yDigitised score
=859  \\$aXLD$bDCW
=852  4\$cDRT$jDigital Store K.7.a.11.$aBritish Library$bMUSIC
=985  \\$aRecord amended for WR# 13/070
=985  \\$aname title to add
=985  \\$aCorrected by MS generated file for WR# 1805-0738
=CAT  \\$aBATCH-DCW$b00$c20171218$lBLL01$h0202
=CAT  \\$a1805-0738$c20190111$lBLL01$h1808
=CAT  \\$a1805-0738$b00$c20190111$lBLL01$h1828
=FIN  \\$aY$d20171218
=LKR  \\$aPAR$lBLL01$r776$b004709267$mIl secondo libro di madrigali a cinque voci : novamente posto in luce /$nIl secondo libro di madrigali a cinque voci : novamente posto in luce /
=DGM  \\$a004709267$bCatBridge variable field
=DRT  \\$aDCW
=SRC  \\$aDCW$bDCW_20171217
=OHC  \\$a1
=LAS  \\$a1805-0738$b00$c20190111$lBLL01$h1828

