=LDR  03363 cm a22006017  4500
=001  018649618
=003  Uk
=005  20171218020208.0
=007  cr\mn\024mpada
=008  930401s1553\\\\enk||z\\s\\\\\\\\\\\eng\\
=FMT  \\$a  MU
=019  d\$agj20920005
=040  \\$aUk$beng$cUk
=042  \\$aukblsr
=082  14$a780$215
=100  1\$aTye, Christopher,$d1497?-1572.
=240  10$aActes of the Apostles
=245  14$aThe actes of the Apostles /$ctranslated into Englyshe metre, and dedicated to the Kynges most excellent Majestye, by Christofer Tye, Doctor in Musyke, and one of the Gentylmen of his graces moste honourable chappell.
=264  \1$aImprinted at London :$bby Wyllyam Seres,$c1553.
=300  \\$a1 choir book (110 unnumbered pages) ;$c14 x 10 cm (8º)
=336  \\$anotated music$2rdacontent
=337  \\$acomputer$2rdamedia
=338  \\$aonline$2rdacarrier
=340  \\$m8vo$2rdabf
=500  \\$a'Imprynted at London by Wyllyam Seres dwellynge at the signe of the Hedghogge Cum priuilegio ad imprimendum solum.'--Colophon.
=500  \\$a'Wyth notes to eche chapter, to synge and also to play upon the Lute, very necessarye for studentes after theyr studye, to fyle theyr wyttes, and also for all Christians that cannot synge, to reade the good and Godlye storyes of the lyves of Christ hys Apostles'--T.p.
=500  \\$aCopy at K.4.c.4. Digitised score at http://purl.org/rism/AI/T1445.$5Uk
=500  \\$aCopy at K.4.c.4. Paper dimensions: 130 x 85 mm.$5Uk
=500  \\$aThe first fourteen chapters of the Biblical book, Acts, in metre and harmonised in four parts (SATB).
=500  \\$aTranscribed title page: The Actes of / the Apostles, translated in- / to Englyshe Metre, and de- / dicated to the kynges most excel- / lent Maiestye, by Christofer Tye, / Doctor in Musyke, and one of the Gentylmen of hys graces moste ho- / nourable Chappell, wyth notes to / eche Chapter, to synge and also to / play vpon the Lute, very necessarye / for studentes after theyr studye, / to fyle theyr wyttes, and also / for all Christians that / cannot synge, to / reade / the good and Godlye sto- / ryes of the lyues of / Christ hys Ap- / postles. / 1553.
=510  4\$aRISM A/I,$cT 1445
=510  4\$aRobert W. Weidner, 'Tye's "Actes of the Apostles": A Reassessment', The Musical Quarterly 58 (1972),$cpp. 242-258.
=546  \\$aEnglish words.
=650  \0$aChoruses, Sacred (Mixed voices, 4 parts)
=700  0\$aEdward$bVI,$cKing of England,$d1537-1553,$ededicatee.
=700  1\$aSeres, William,$d-approximately 1579,$eprinter.
=752  \\$aEngland$dLondon.$2lcsh/naf
=856  41$uhttp://purl.org/rism/AI/T1445$yDigitised score
=859  \\$aXLD$bDCW
=852  4\$cDRT$jDigital Store K.4.c.4.$aBritish Library$bMUSIC
=985  \\$aRecord amended for WR# 13/070
=985  \\$aname title to add
=985  \\$aCorrected by MS generated file for WR# 1805-0738
=CAT  \\$aBATCH-DCW$b00$c20171218$lBLL01$h0202
=CAT  \\$a1805-0738$c20190111$lBLL01$h1808
=CAT  \\$a1805-0738$b00$c20190111$lBLL01$h1828
=FIN  \\$aY$d20171218
=LKR  \\$aPAR$lBLL01$r776$b004711654$mThe actes of the Apostles /$nThe actes of the Apostles /
=DGM  \\$a004711654$bCatBridge variable field
=DRT  \\$aDCW
=SRC  \\$aDCW$bDCW_20171217
=OHC  \\$a1
=LAS  \\$a1805-0738$b00$c20190111$lBLL01$h1828

