=LDR  05660 cm a22008417  4500
=001  018649619
=003  Uk
=005  20210419164709.0
=007  cr\mn\024mpada
=008  930401s1591\\\\it\|||\|s||||||||\\\ita\|
=FMT  \\$a  MU
=019  d\$agk08470001
=040  \\$aUk$beng$cUk
=041  \\$aita$gita
=042  \\$aukblsr
=082  14$a780$215
=245  00$aCanzonette a quattro voci /$ccomposte da diversi eccti musici, con l'intavolatura del cimbalo et del liuto.
=264  \1$aRoma :$braccolte et stampate da Simone Verovio,$c1591.
=300  \\$a1 choir book ;$c28 x 20 cm (folio)
=336  \\$anotated music$2rdacontent
=337  \\$acomputer$2rdamedia
=338  \\$aonline$2rdacarrier
=340  \\$mfolio$2rdabf
=500  \\$aA collection of secular canzonettas in four parts with continuo realisations for harpsichord and lute tablature.
=500  \\$aAt the bottom of each canzonetta there is text for three more verses.
=500  \\$aCopy at K.8.h.23. 21 leaves, engraved throughout, without pagination or register; paper dimensions: 271 x 194 mm.$5Uk
=500  \\$aCopy at K.8.h.23. Digitised score at http://purl.org/rism/BI/1591/12.$5Uk
=500  \\$aThe last canzonetta on the last page is given without harpsichord and lute tablatures and without the text for extra verses. This is the only canzonetta that has the parts named: 'Basso, Tenore, Alto, Canto'.
=500  \\$aThe print was engraved by various hands (at least 4).
=500  \\$aTranscribed title page: CANZONETTE / A quattro Voci, Composte da diuersi / Ecc.ti Musici, CON / L'intauolatura del Cimbalo / et del LIVTO / Raccolte et Stampate da Simone Verouio / In Roma 1591 Con Licentia de sup.ri.
=500  \\$aVogel-Einstein note that only some copies have the wording 'Raccolte et stampate da Simone Verovio' on the title page.
=500  \\$aWith a dedication to 'Cardinal di Lorena' (probably Charles de Lorraine (1567-1607)) in Italian, dated '20 di Marzo 1591'.
=500  \\$aWith a table of contents at the back.
=500  \\$aWith elaborate set of four engravings on title page representing a music scene with voices, keyboard, and lutes; a violin player; a satyr with pan-flute, and an allegorical scene of blacksmiths around the anvil.
=505  0\$aHor che vezzosa e bella / Felice Anerio -- Così soave stile / Felice Anerio -- Questi capelli d'oro / Paolo Bellasio -- Io non sò come vivo in questo stato / Annibale Stabile -- Fuggite amanti Amor come la morte / Annibale Stabile -- Mentr'io fuggivo l'amorosi lacci / Gio: Andrea Dragone -- Spesso il canto ad amare / Horatio Griffi -- Pose un gran foco nel mio petto Amore / Gio: da Pellestrina -- Ohime crudele Amore / Ahrodiano Barera -- Vedrassi prima senza luce il sole / Gio. da Pellestrina -- Di che cor mio paventi / Gio: Maria Nanino -- Se dal tuo foco altiero / Francesco Soriano -- Bella d'Amor guerriera e valorosa / Ruggiero Giovanelli -- Quando miro il bel volto / Paulo Quagliato -- Tal da vostri occhi foco / Paulo Quagliato -- O mio soave foco / Pompeo Stabile -- Se'l raggio de vostr'occhi m'arde il core / Luca Marentio -- O miser quel che spera / Paulo Bellasio -- Donna nel vostro volto / Paulo Bellasio -- La Verginella è simile alla rosa.
=510  4\$aEmil Vogel and Alfred Einstein, 'Bibliography of Italian Secular Vocal Music Printed between the Years 1500-1700', Notes, Second Series, Vol. 4, No. 3 (1947), pp. 301-316; Vol. 5, No. 1 (1947), pp. 65-96.
=510  4\$aGary Lee Anderson, 'The canzonetta publications of Simone Verovio, 1586-1595', PhD dissertation, University of Illinois at Urbana-Champaign, 1976.
=510  4\$aRISM B/I,$c1591 ¹²
=546  \\$aItalian words.
=650  \0$aCanzonets (Part songs), Italian$vParts.
=700  1\$aAnerio, Felice,$dapproximately 1560-1614,$ecomposer.
=700  1\$aBarera, Rodiano,$dmid. 16th century- 1623,$ecomposer.
=700  1\$aBellasio, Paolo,$d1554-1594,$ecomposer.
=700  1\$aDragoni, Giovanni Andrea,$dapproximately 1540-1598,$ecomposer.
=700  1\$aGiovannelli, Ruggiero,$dapproximately 1560-1625,$ecomposer.
=700  1\$aGriffi, Orazio,$dapproximately 1566-1624,$ecomposer.
=700  1\$aMarenzio, Luca,$d1553-1599,$ecomposer.
=700  1\$aNanino, Giovanni Maria,$d1543 or 1544-1607,$ecomposer.
=700  1\$aPalestrina, Giovanni Pierluigi da,$d1525?-1594,$ecomposer.
=700  1\$aQuagliati, Paolo,$dapproximately 1555-1628,$ecomposer.
=700  1\$aSoriano, Francesco,$d1548 or 1549-1621,$ecomposer.
=700  1\$aStabile, Annibale,$dactive 16th century,$ecomposer.
=700  1\$aVerovio, Simone,$dactive 1575-1608,$eprinter.
=752  \\$aItaly$dRome.$2lcsh/naf
=856  41$uhttp://purl.org/rism/BI/1591/12$yDigitised score
=859  \\$aXLD$bDCW
=883  0\$aLanguage codes assigned by Bayesian analysis of words present in record$d20210115$qUk$c0.9450
=852  4\$cDRT$jDigital Store K.8.h.23.$aBritish Library$bMUSIC
=985  \\$aEarly Music Online project
=985  \\$aRecord amended for WR# 13/070
=985  \\$aname title to add
=985  \\$aCorrected by MS generated file for WR# 1805-0738
=CAT  \\$aBATCH-DCW$b00$c20171218$lBLL01$h0202
=CAT  \\$a1805-0738$c20190111$lBLL01$h1808
=CAT  \\$a1805-0738$b00$c20190111$lBLL01$h1828
=CAT  \\$aW2102-0046$b00$c20210419$lBLL01$h1647
=FIN  \\$aY$d20171218
=LKR  \\$aPAR$lBLL01$r776$b004717933$mCanzonette a quattro voci /$nCanzonette a quattro voci /
=DGM  \\$a004717933$bCatBridge variable field
=DRT  \\$aDCW
=SRC  \\$aDCW$bDCW_20171217
=OHC  \\$a1
=LAS  \\$aW2102-0046$b00$c20210419$lBLL01$h1647

