=LDR  03908 cm a22006737  4500
=001  018649620
=003  Uk
=005  20171218020208.0
=007  cr\mn\024mpada
=008  930401s1591\\\\it\||z\\s\\\\\\\\\\\mul\\
=FMT  \\$a  MU
=019  d\$agk08470003
=040  \\$aUk$beng$cUk
=041  \\$aita$alat
=042  \\$aukblsr
=082  14$a780$215
=245  00$aCanzonette spali a 3 voci /$ccomposte da diuersi eccellenti musici. Con licenza de supri stampate et raccolte da S. Verouio.
=264  \1$a[Rome] :$bS. Verouio,$c[1591]
=300  \\$a3 part books ;$c15 x 11 cm (8º)
=336  \\$anotated music$2rdacontent
=337  \\$acomputer$2rdamedia
=338  \\$aonline$2rdacarrier
=340  \\$m8vo$2rdabf
=500  \\$aCopy at K.8.b.17. Alto (12 leaves); original foliation: [1-2], 3-24 p.; paper dimensions: 140 x 95 mm; includes manuscript annotation at the end.$5Uk
=500  \\$aCopy at K.8.b.17. Digitised score at http://purl.org/rism/BI/1591/13.$5Uk
=500  \\$aEngraved collection of three-part Italian canzonettas and Latin songs (C.A.B.).
=500  \\$aTranscribed title page from alto part book: Canzonette sp.ali / a.3. Voci compos / ti da diuersi Ec / Cellenti Musici / Con licenza de Sup.ri Stampate et raccolte / da Simone Verouio.
=505  0\$aO dolce rimembranza / Gio Macque -- Giesù de penitenti / Felice Anerio -- Giesu più risplendente / Luca Marentio -- Giesù solo piacer dell'alma / Asprilio Pacello -- L'alma più che ti gusta più ti brama / Marc'Ant.o Ingegneri -- Dolcissimo amor mio / Gio: Macque -- Fà buon Giesù chio senta nel mio core / Gio. Macque -- De l'alma sospirosa unica speme / Horatio Griffi -- Santi baci soaui abbracciamenti / Rugg.o Giouanelli -- De gli beati spirti / Asprilio Pacello -- Giesù Padre et autor d'ogni clemenza / Prospero Santini -- Non può lingua narrare / -- Stabat Mater dolorosa / -- O quam tristis et afflicta / R. del Mel -- Quis est homo qui non fleret / R. del Mel -- Pro peccatis suae gentis / R. Del Mel -- Eia Mater fons amoris / R. Del Mel -- Sancta Mater istud agas / R del Mel -- Fac me uere tecum flere / R. del Mel -- Virgo Virginum praeclara / R. del Mel -- Fac me plagis vulnerari / R. del Mel -- Fac me cruce custodiri / R. del Mel.
=510  4\$aRISM B/I,$c1591 ¹³
=546  \\$aItalian and Latin words.
=650  \0$aCanzonets (Part songs), Italian$vParts.
=650  \0$aSongs, Latin (Medieval and modern)
=700  1\$aAnerio, Felice,$dapproximately 1560-1614,$ecomposer.
=700  1\$aGriffi, Orazio,$dapproximately 1566-1624,$ecomposer.
=700  1\$aIngegneri, Marc Antonio,$d1535 or 1536-1592,$ecomposer.
=700  1\$aMacque, Giovanni de,$dapproximately 1550-1614,$ecomposer.
=700  1\$aMarenzio, Luca,$d1553-1599,$ecomposer.
=700  1\$aMel, Rinaldo del,$dapproximately 1554-approximately 1598,$ecomposer.
=700  1\$aNanino, Giovanni Maria,$d1543 or 1544-1607,$ecomposer.
=700  1\$aPacelli, Asprilio,$d1570-1623,$ecomposer.
=700  1\$aSantini, Prospero,$dactive 1591-1614,$ecomposer.
=700  1\$aVerovio, Simone,$dactive 1575-1608,$eprinter.
=752  \\$aItaly$dRome.$2lcsh/naf
=856  41$uhttp://purl.org/rism/BI/1591/13$yDigitised score
=859  \\$aXLD$bDCW
=852  4\$cDRT$jDigital Store K.8.b.17.$aBritish Library$bMUSIC
=985  \\$aRecord amended for WR# 13/070
=985  \\$aname title to add
=985  \\$aCorrected by MS generated file for WR# 1805-0738
=CAT  \\$aBATCH-DCW$b00$c20171218$lBLL01$h0202
=CAT  \\$a1805-0738$c20190111$lBLL01$h1808
=CAT  \\$a1805-0738$b00$c20190111$lBLL01$h1828
=FIN  \\$aY$d20171218
=LKR  \\$aPAR$lBLL01$r776$b004717935$mCanzonette spali a 3 voci /$nCanzonette spali a 3 voci /
=DGM  \\$a004717935$bCatBridge variable field
=DRT  \\$aDCW
=SRC  \\$aDCW$bDCW_20171217
=OHC  \\$a1
=LAS  \\$a1805-0738$b00$c20190111$lBLL01$h1828

