=LDR  03750 cm a22006617  4500
=001  018649621
=003  Uk
=005  20171218020208.0
=007  cr\mn\024mpada
=008  930401s1592\\\\it\||z\\s\\\\\\\\\\\ita\\
=FMT  \\$a  MU
=019  d\$agk08470004
=040  \\$aUk$beng$cUk
=041  \\$aita$gita
=042  \\$aukblsr
=082  14$a780$215
=245  03$aIl devoto pianto della Gloriosa Vergine,$bet altre canzonette spirituali à 3 voci. /$cComposte nuovamente da diversi eccellenti musici.
=264  \1$aIn Parione, nel Collegio Nardino, Roma,$c1592.
=300  \\$a3 part books ;$c15 x 11 cm (8º)
=336  \\$anotated music$2rdacontent
=337  \\$acomputer$2rdamedia
=338  \\$aonline$2rdacarrier
=340  \\$m8vo$2rdabf
=500  \\$aCopy at K.8.b.18. Alto (8 leaves); paper dimensions: 140 x 95 mm.$5Uk
=500  \\$aCopy at K.8.b.18. Digitised score at http://purl.org/rism/BI/1592/5.$5Uk
=500  \\$aEngraved collection of canzonette in three parts.
=500  \\$aTranscribed title page from alto part book: Il deuoto pianto della Glo / riosa Vergine, et altre / Canzonette spirituali / a 3 voci. / Composto nuouamente da diuer / si Eccellenti Musici / ROMA / In Parione nel collegio Nardino.
=505  0\$aStava à piè della Croce / Gio: Maria Nanino -- O quante afflitta / Gio. Bern[ardino] Nanino -- Qual cor non piangori / Asprilio Pacello -- Por suoi figli rubelli / Asprilio Pacello -- O madre d'amor santo / Rugg[iero] Giovanelli -- Madre santa / Rugg[iero] Giovanelli -- Fà ch'io con pronta voglia / Prospero Santini -- Quando sia che'l sortisca / Prospero Santini -- Fà ch'io rimanga essangue / Gio. de Macque -- Cosi di Croce armata / Macque -- All'hor ch'io penso a voi / Felice Anerio -- Mentre ch'io servo a voi / Rinaldo del Mel -- A mi chi vuol amaro / Gio: Maria Nanino -- La bellezza superna / Gio. Maria Nanino.
=510  4\$aA. Einstein, 'Bibliography of Italian Secular Vocal Music Printed between the Years 1500-1700, by Emil Vogel' (Tenth Installment), Notes, 5-1 (1947), 65-96,$cno. 1592/8.
=510  4\$aRISM B/I,$c1592 ⁵
=546  \\$aItalian words.
=650  \0$aCanzonets (Part songs), Italian$vParts.
=700  0\$aMaximilian$bI,$cElector of Bavaria,$d1573-1651,$ededicatee.
=700  1\$aAnerio, Felice,$dapproximately 1560-1614,$ecomposer.
=700  1\$aGiovannelli, Ruggiero,$dapproximately 1560-1625,$ecomposer.
=700  1\$aMacque, Giovanni de,$dapproximately 1550-1614,$ecomposer.
=700  1\$aMel, Rinaldo del,$dapproximately 1554-approximately 1598,$ecomposer.
=700  1\$aNanino, Giovanni Bernardino,$dapproximately 1560-1623,$ecomposer.
=700  1\$aPacelli, Asprilio,$d1570-1623,$ecomposer.
=700  1\$aSantini, Prospero,$dactive 1591-1614,$ecomposer.
=700  1\$aVerovio, Simone,$dactive 1575-1608,$eprinter.
=752  \\$aItaly$dRome.$2lcsh/naf
=856  41$uhttp://purl.org/rism/BI/1592/5$yDigitised score
=859  \\$aXLD$bDCW
=852  4\$cDRT$jDigital Store K.8.b.18.$aBritish Library$bMUSIC
=985  \\$aRecord amended for WR# 13/070
=985  \\$aname title to add
=985  \\$aCorrected by MS generated file for WR# 1805-0738
=CAT  \\$aBATCH-DCW$b00$c20171218$lBLL01$h0202
=CAT  \\$a1805-0738$c20190111$lBLL01$h1808
=CAT  \\$a1805-0738$b00$c20190111$lBLL01$h1828
=FIN  \\$aY$d20171218
=LKR  \\$aPAR$lBLL01$r776$b004717936$mIl devoto pianto della Gloriosa Vergine, et altre canzonette spirituali à 3 voci. /$nIl devoto pianto della Gloriosa Vergine, et altre canzonette spirituali à 3 voci. /
=DGM  \\$a004717936$bCatBridge variable field
=DRT  \\$aDCW
=SRC  \\$aDCW$bDCW_20171217
=OHC  \\$a1
=LAS  \\$a1805-0738$b00$c20190111$lBLL01$h1828

