=LDR  05017 cm a22007217  4500
=001  018649622
=003  Uk
=005  20171218020208.0
=007  cr\mn\024mpada
=008  930401s1586\\\\it\||z\\s\\\\\\\\\\\mul\\
=FMT  \\$a  MU
=019  d\$agk08470005
=040  \\$aUk$beng$cUk
=041  \\$aita$alat$gita
=042  \\$aukblsr
=082  14$a780$215
=245  00$aDiletto spirituale. Canzonette a tre et a quattro voci /$ccomposte da diversi eccmi musici. Raccolte da Simone Verouio. Intagliate et stampate dal medesimo. Con l' intavolatura del cimbalo et liuto.
=264  \1$aRoma :$bSimone Verouio,$c1586.
=300  \\$a1 choir book ;$c28 x 21 cm (folio)
=336  \\$anotated music$2rdacontent
=337  \\$acomputer$2rdamedia
=338  \\$aonline$2rdacarrier
=340  \\$mfolio$2rdabf
=500  \\$aAt the end of every canzonetta there is text for two more verses.
=500  \\$aCollection of Latin and Italian three-part and four-part canzonettas (SATB or SAB), with table of contents at the end.
=500  \\$aCopy at K.8.d.8. 23 leaves; the copy bears a manuscript foliation which runs from 68 to 90, suggesting this copy may have been bound with another item; paper dimensions: 269 x 204 mm.$5Uk
=500  \\$aCopy at K.8.d.8. Digitised score at http://purl.org/rism/BI/1586/2.$5Uk
=500  \\$aMusic and text engraved in more than one hand.
=500  \\$aThe pieces have plate numbers out of sequence suggesting that the plates may originate from earlier publications.
=500  \\$aTitle page includes a 'Canon a.4.: Laudate Dominum'. Dedication, by Verovio, dated 'X. di Nouembre M.D.LXXX.VI.'
=500  \\$aTitle page includes elaborate engraved frame.
=500  \\$aTranscribed title page from choir book:DILETTO / SPIRITVALE / CANZONETTE / A tre et a quattro uoci / composte da diuer / si ecc.mi Musici. / Raccolte da Simone Verouio. Intagliate / et Stampate dal medesimo. / Con L'intauolatura del Cimbalo / Et Liuto / ROMA / 1586.
=505  0\$aIesu decus angelicum / Felice Anerio -- Canon a.4.: Ad Dominum cum tribularer clamaui -- O Jesu mi dulcissime Ospes / Felix Anerius -- Iesu summa benignitas / Rugieri Giouanelli -- Canon ad Vnisonum a.4.: Auxilium meum a domino -- Iesu Rex admirabilis / Ioan Petri Aloysij Praenestini -- Canon a.3. all'vnisono: Illumina oculos meos -- Se questa ualle di miseria piena / Rinaldo del Mel -- Deh lasciam dunq[ue] quest'oscura ualle / Rinaldo del Mel -- Iesu sole serenior, et balsamo su auior / Rugieri Giouanelli -- Canon all'vnisono a cinque: In te Domine speraui -- Tu mentis delcetatio Amoris consumatio / Rugeri Giouanelli -- Tu a Iesu dilectio / Ioannis Petri Aloysij Praenestini -- Canon a.4. di quarta in quarta: In Domino letabitur anima mea -- Rex virtutum rex gloria? / Felice Anerio -- Giesu sommo conforto / Simone Verouio -- Qvando cor nostrum visitas / Io: Mariae Nanini -- Iesu flos matris virginis / Ioan Aloysij Praenestini -- O gloriosa donna / Fran.co Soriano -- Vscio del Ciel tu sei / Francesco Soriano -- Tunc amplexus tunc oscula / Felice Anerio -- Canon ad Vnisonum A.4.: De profundis clamaui -- Iesu spes penitentibus / Ioan Mariae Nanini -- O beatum incendium / Felice Anerio -- Qual paura, qual danno, o qual tormento / Luca Marentio -- Spiega, mondo maligno, i tuoi tesori / Luca Marentio -- Iesus in pace imperat / Io. Mariae Nanini.
=510  4\$aRISM B/I,$c1586 ²
=546  \\$aLatin and Italian words.
=650  \0$aCanzonets (Part songs)$vParts.
=700  1\$aAnerio, Felice,$dapproximately 1560-1614,$ecomposer.
=700  1\$aBoccapaduli, Antonio,$d1530-1593,$ededicatee.
=700  1\$aGiovannelli, Ruggiero,$dapproximately 1560-1625,$ecomposer.
=700  1\$aMarenzio, Luca,$d1553-1599,$ecomposer.
=700  1\$aMel, Rinaldo del,$dapproximately 1554-approximately 1598,$ecomposer.
=700  1\$aNanino, Giovanni Maria,$d1543 or 1544-1607,$ecomposer.
=700  1\$aPalestrina, Giovanni Pierluigi da,$d1525?-1594,$ecomposer.
=700  1\$aSoriano, Francesco,$d1548 or 1549-1621,$ecomposer.
=700  1\$aVerovio, Simone,$dactive 1575-1608,$ecomposer.
=700  1\$aVerovio, Simone,$dactive 1575-1608,$eprinter.
=752  \\$aItaly$dRome.$2lcsh/naf
=856  41$uhttp://purl.org/rism/BI/1586/2$yDigitised score
=859  \\$aXLD$bDCW
=852  4\$cDRT$jDigital Store K.8.d.8.$aBritish Library$bMUSIC
=985  \\$aRecord amended for WR# 13/070
=985  \\$aname title to add
=985  \\$aCorrected by MS generated file for WR# 1805-0738
=CAT  \\$aBATCH-DCW$b00$c20171218$lBLL01$h0202
=CAT  \\$a1805-0738$c20190111$lBLL01$h1808
=CAT  \\$a1805-0738$b00$c20190111$lBLL01$h1828
=FIN  \\$aY$d20171218
=LKR  \\$aPAR$lBLL01$r776$b004717937$mDiletto spirituale. Canzonette a tre et a quattro voci /$nDiletto spirituale. Canzonette a tre et a quattro voci /
=DGM  \\$a004717937$bCatBridge variable field
=DRT  \\$aDCW
=SRC  \\$aDCW$bDCW_20171217
=OHC  \\$a1
=LAS  \\$a1805-0738$b00$c20190111$lBLL01$h1828

