=LDR  05553 cm a22007817  4500
=001  018649623
=003  Uk
=005  20171218020208.0
=007  cr\mn\024mpada
=008  930401s1589\\\\it\||n\\s\\\\\\\\\\\ita\\
=FMT  \\$a  MU
=019  d\$agk08470006
=040  \\$aUk$beng$cUk
=041  \\$aita
=042  \\$aukblsr
=082  14$a780$215
=245  00$aGhirlanda di fioretti musicali /$ccomposta da diversi eccti musici a 3 voci con l'intauolatura del cimbalo, et liuto. Raccolte et stampate da Simone Verouio.
=264  \1$aIn Roma :$bRaccolte et stampate da Simone Verouio,$c1589.
=300  \\$a1 choir book ;$c28 x 21 cm (4º)
=336  \\$anotated music$2rdacontent
=337  \\$acomputer$2rdamedia
=338  \\$aonline$2rdacarrier
=340  \\$m4to$2rdabf
=500  \\$aAt the end of each song there is text for three more verses. Felice Anerio, 'Al suon non posa il core' (p. 29), is described as being for Canto, Tenore, and Basso. The Tenore part is set in the mezzosoprano c clef.
=500  \\$aCollection of three-part songs (C.A.B.) with fully-composed accompaniment for harpsichord and lute tablature.
=500  \\$aCopy at K.8.d.6. 24 leaves; original foliation: [i-iii], 1-32, 35-39, 42-50 p.; paper dimensions: 270 x 208 mm. The pages are wrongly numbered, there being no 34 and 35. Most copies of this work contain 28 leaves, with madrigals by L. Marenzio and A. Orlandino, which are not in this copy.$5Uk
=500  \\$aCopy at K.8.d.6. Digitised score at http://purl.org/rism/BI/1589/11.$5Uk
=500  \\$aDedication, by Verovio, dated '10. d'Agosto 1589'. Title page has an engraving depicting Orpheus with a lyre.
=500  \\$aTranscribed title page: GHIRLANDA / DI FIORETTI / MVSICALI / Composta da diuersi Ecc.ti Musici a. 3. voci / Con L'intauolatura del Cimbalo, et / LIVTO / Raccolte et Stampate da Simone Verouio / In Roma 1589. Con licentia de Superiori.
=505  0\$aAhi che quest'occhi miei ch'erano lieti / Gio. Palestina -- Da così dotta man sei stato fatto / Gio: Palestina -- Ameni colli, vaghi monticelli / Francesco Soriano -- Mentre l'aquila sta mirando il sole / Gio: Battista Zucchelli -- Donna tue chiome d'oro / Annibal Stabile -- Ardenti miei sospiri e dolorosi / Iacomo Peetrino -- Vermiglio e vago fiore / Ruggiero Giouanelli -- Io me n'auedo Amore / Archangelo Crivello -- Poiche mesto e dolente / Iacomo Peetrino -- Tutta gentile e bella / Gio: Maria Nanino -- Ohime partito è'l mio bel sol lucente / Annibal Stabile -- Fugge da gl'occhi il sonno / Ruggiero Giovanelli -- Ohime crudele Amore / Gio: Battista Zucchelli -- Si vaga è la mia fiamma / Ruggiero Giovanelli -- Al suon non posa il core / Felice Anerio -- Io ardo o Filli e tu dell'ardor mio / Iacomo Ricordi -- Ancora che tu m'odij anima mia / Paolo Quagliato -- Fiamme che da begl'occhi / Felice Anerio -- Se fredda è la mia donna / Gasparo Costa -- Vedo ogni selva rivestir le frondi / [Francesco Soriano] -- Donna gentil uoi siete il mio bel sole / Gio: Battista Locatello -- Donna se'l cor legasti / Felice Anerio -- Mentre il mio miser core / Felice Anerio.
=510  4\$aEmil Vogel and Alfred Einstein, 'Bibliography of Italian Secular Vocal Music Printed between the Years 1500-1700', Notes, Second Series, Vol. 4, No. 3 (1947), pp. 301-316.
=510  4\$aEmil Vogel, Bibliothek der gedruckten weltlichen Vocalmusik Italiens: Aus den Jahren 1500-1700, 2 vols (Berlin: Haack, 1892), vol. 2, pp. 455-456.
=510  4\$aGary Lee Anderson, 'The canzonetta publications of Simone Verovio, 1586-1595', PhD dissertation, University of Illinois at Urbana-Champaign, 1976.
=510  4\$aRISM B/I,$c1589 ¹¹
=546  \\$aItalian words.
=650  \0$aVocal trios with continuo.
=700  1\$aAnerio, Felice,$dapproximately 1560-1614,$ecomposer.
=700  1\$aCosta, Gasparo,$dactive 1580-1590,$ecomposer.
=700  1\$aCrivelli, Arcangelo,$d1546-1617,$ecomposer.
=700  1\$aGiovannelli, Ruggiero,$dapproximately 1560-1625,$ecomposer.
=700  1\$aLocatello, Giovanni Battista,$d[active 1579-93],$ecomposer.
=700  1\$aNanino, Giovanni Maria,$d1543 or 1544-1607,$ecomposer.
=700  1\$aPalestrina, Giovanni Pierluigi da,$d1525?-1594,$ecomposer.
=700  1\$aPeetrinus, Jacobus,$d[approximately 1553- approximately 1591],$ecomposer.
=700  1\$aQuagliati, Paolo,$dapproximately 1555-1628,$ecomposer.
=700  1\$aRicordi, Jacomo,$ecomposer.
=700  1\$aSoriano, Francesco,$d1548 or 1549-1621,$ecomposer.
=700  1\$aStabile, Annibale,$dactive 16th century,$ecomposer.
=700  1\$aVerovio, Simone,$dactive 1575-1608,$eprinter.
=700  1\$aVincenzo Stella,$ededicatee.
=700  1\$aZucchelli, Giovanni Battista,$ecomposer.
=752  \\$aItaly$dRome.$2lcsh/naf
=856  41$uhttp://purl.org/rism/BI/1589/11$yDigitised score
=859  \\$aXLD$bDCW
=852  4\$cDRT$jDigital Store K.8.d.6.$aBritish Library$bMUSIC
=985  \\$aRecord amended for WR# 13/070
=985  \\$aname title to add
=985  \\$aCorrected by MS generated file for WR# 1805-0738
=CAT  \\$aBATCH-DCW$b00$c20171218$lBLL01$h0202
=CAT  \\$a1805-0738$c20190111$lBLL01$h1808
=CAT  \\$a1805-0738$b00$c20190111$lBLL01$h1828
=FIN  \\$aY$d20171218
=LKR  \\$aPAR$lBLL01$r776$b004717938$mGhirlanda di fioretti musicali /$nGhirlanda di fioretti musicali /
=DGM  \\$a004717938$bCatBridge variable field
=DRT  \\$aDCW
=SRC  \\$aDCW$bDCW_20171217
=OHC  \\$a1
=LAS  \\$a1805-0738$b00$c20190111$lBLL01$h1828

