=LDR  04603 cm a2200697 a 4500
=001  018649624
=003  Uk
=005  20171218020208.0
=007  cr\mn\024mpada
=008  930401s1595\\\\it\||z\\s\\\\\\\\\\\ita\\
=FMT  \\$a  MU
=019  d\$agk08470008
=040  \\$aUk$beng$cUk
=042  \\$aukblsr
=082  14$a780$215
=245  00$aLodi della musica a 3 voci.$nLibro primo /$ccomposte da diversi ecc.ti musici con l'intavolatatura del cimbalo e liuto.
=264  \1$aIn Roma :$bRaccolto, intagliato et stampato da Simone Verovio,$c1595.
=300  \\$a1 choir book ([40] pages) ;$c28 cm (4º)
=336  \\$anotated music$2rdacontent
=337  \\$acomputer$2rdamedia
=338  \\$aonline$2rdacarrier
=340  \\$m4to$2rdabf
=500  \\$aA collection of three-part odes to music (SAB) with accompaniment for harpsichord and lute tablature.
=500  \\$aCopy at K.8.d.7. 20 leaves; paper dimensions: 270 x 204 mm.$5Uk
=500  \\$aCopy at K.8.d.7. Digitised score at http://purl.org/rism/BI/1595/6.$5Uk
=500  \\$aEngraved in a number of different hands.
=500  \\$aFelice Anerio, "L'amoroso Delfino" is given without harpsichord and lute accompaniment. It is the only song that names the parts: Canto (G clef), Alto (soprano C clef), and Basso (tenor clef).
=500  \\$aIncludes Imprimatur on last page, granted by Pompeo Ugonio: "Io Pompeo Vgonio hò visto li soprascritte lodi della Musica in versi: ne vi hò notato cosa / alcuna che possa offendere, et sia contraria alla fede, et buoni costumi / Ego Pompeius Vgonius S. Tb.a Doctor m. pp.a / Fr P. Io.es Caragoça Mgr vice R.mi Mgri Sacri Palatij. / Imprimantur".
=500  \\$aRinaldo del Mel, "E le celesti sfere" appears to be a seconda parte of "Quand'il fido Pastore".
=500  \\$aTranscribed title page: LODI DELLA MVSICA / A. 3. VOCI. / Composte da diuersi Ecc.ti / Musici con L'intauolat.ra / del Cimbalo e Liuto / LIBRO PRIMO. / Raccolto intagliato et / stampato da Simone / Verouio In / Roma / 1595. / Con licentia de Superiori.
=505  0\$aAi dolci e vaghi accenti (seconda parte: E se talhor affetti; terza parte: Così vn leggiadro canto; quarta parte: Onde spieghin sue lodi) / Gio. Maria Nanino -- Spesso il canto ad amare (seconda parte: E sopra gl'arbuscelli; terza parte: Si trauagliati amanti; quarta parte: Se dunque il dolce Canto) / Gio. de Macque -- All'hor che di bei fiori (seconda parte: E da uerdi boschetti) / Ruggiero Giouanelli -- Al suon di cornamusa / Felice Anerio -- Quand'il fido pastore / Rinaldo del Mel -- Al tremolar de l'onde (seconda parte: L'amoroso Delfino) / Felice Anerio -- E le celesti sfere / Rinaldo del Mel -- Mentr'il canoro cigno (seconda parte: Ecco del canto l'opre; terza parte: E uoi muse gradite) / Gio. Bernardino Nanino.
=510  3\$aGary Lee Anderson, 'The canzonetta publications of Simone Verovio, 1586-1595', PhD dissertation, University of Illinois at Urbana-Champaign, 1976.
=510  4\$aEmil Vogel and Alfred Einstein, 'Bibliography of Italian secular vocal music printed between the years 1500-1700', Notes, Second series, Vol. 5, No. 1 (1947),$cpp. 65-96
=510  4\$aRISM B/I,$c1595 ⁶
=546  \\$aItalian words.
=650  \0$aPart songs, Italian.
=700  1\$aAnerio, Felice,$dapproximately 1560-1614,$ecomposer.
=700  1\$aGiovannelli, Ruggiero,$dapproximately 1560-1625,$ecomposer.
=700  1\$aMacque, Giovanni de,$dapproximately 1550-1614,$ecomposer.
=700  1\$aMel, Rinaldo del,$dapproximately 1554-approximately 1598,$ecomposer.
=700  1\$aNanino, Giovanni Maria,$d1543 or 1544-1607,$ecomposer.
=700  1\$aUgoni, Pompeo,$d-1614,$egranter of imprimatur.
=700  1\$aVerovio, Simone,$dactive 1575-1608,$ecompiler,$eprinter.
=710  2\$aSimone Verovio (Firm),$eprinter.
=752  \\$aItaly$dRome.$2lcsh/naf
=856  41$uhttp://purl.org/rism/BI/1595/6$yDigitised score
=859  \\$aXLD$bDCW
=852  4\$cDRT$jDigital Store K.8.d.7.$aBritish Library$bMUSIC
=985  \\$aRecord amended for WR# 13/070
=985  \\$aname title to add
=985  \\$aCorrected by MS generated file for WR# 1805-0738
=CAT  \\$aBATCH-DCW$b00$c20171218$lBLL01$h0202
=CAT  \\$a1805-0738$c20190111$lBLL01$h1808
=CAT  \\$a1805-0738$b00$c20190111$lBLL01$h1828
=FIN  \\$aY$d20171218
=LKR  \\$aPAR$lBLL01$r776$b004717939$mLodi della musica a 3 voci.$nLodi della musica a 3 voci.
=DGM  \\$a004717939$bCatBridge variable field
=DRT  \\$aDCW
=SRC  \\$aDCW$bDCW_20171217
=OHC  \\$a1
=LAS  \\$a1805-0738$b00$c20190111$lBLL01$h1828

