=LDR  05617 cm a22006857  4500
=001  018649625
=003  Uk
=005  20171218020208.0
=007  cr\mn\024mpada
=008  930401s1590\\\\enk||z\\s\\\\\\\\\\\eng\\
=FMT  \\$a  MU
=019  d\$agm15010001
=040  \\$aUk$beng$cUk
=042  \\$aukblsr
=082  14$a780$215
=100  1\$aWatson, Thomas,$d1557?-1592.
=240  10$aItalian madrigalls Englished.$pSett 1
=245  14$aThe first sett, of Italian madrigalls Englished, not to the sense of the originall dittie, but after the affection of the noate /$cBy Thomas Watson gentleman. There are also heere inserted two excellent madrigalls of Master William Byrds, composed after the Italian vaine, at the request of the sayd Thomas Watson.
=264  \1$aLondon :$bimprinted ... by Thomas Este, the assigné of W. Byrd,$c1590.
=300  \\$a6 part books (1 v) ;$c21 cm (4º)
=336  \\$anotated music$2rdacontent
=337  \\$acomputer$2rdamedia
=338  \\$aonline$2rdacarrier
=340  \\$m4to$2rdabf
=500  \\$aCollection of Italian madrigals in four to six parts, with new English texts.
=500  \\$aCopy at K.3.k.12. Digitised score at http://purl.org/rism/BI/1590/29.$5Uk
=500  \\$aCopy at K.3.k.12. SVPERIVS (16 leaves); MEDIVS (12 leaves); TENOR (16 leaves); CONTRATENOR (16 leaves); BASSVS (16 leaves); SEXTVS (6 leaves); paper dimensions: 206 x 147 mm.$5Uk
=500  \\$aPrefatory texts to each part: laudatory poem to Luca Marenzio by Thomas Watson; dedication to Robert Devereux, Earl of Essex; and a table of contents.
=500  \\$aTranscribed title page from Superius part book: The first sett, / Of Italian Madrigalls Englished, / not to the sense of the originall dittie, / but after the affection of the / Noate. / By Thomas Watson Gentleman. / There are also heere inserted two excellent / Madrigalls of Master VVilliam / Byrds, composed after the / Italian vaine, at the request of the sayd Thomas Watson. / Imprinted at London by Tho- / mas Este,the aßigné of William Byrd, / & are to be sold at the house of the sayd T. Este, / being in Aldersgate street, at the signe / of the black Horse. 1590. / Cum Priuilegio Regiae Maiestatis.
=505  0\$aWhen first my heedles eyes beheld w[ith] pleasure / Luca Marenzio -- O merry world when every lover with his mate / Luca Marenzio -- Farewell cruell & unkind / Luca Marenzio -- Zephyrus breathing, now calls nymfs fro[m] out their bowres / Luca Marenzio -- Faire shepherds Queene, let us hand in hand inchained / Luca Marenzio -- Every singing bird yt in ye wood rejoyces / Luca Marenzio -- Alas, what a wretched life is this? / Luca Marenzio -- This sweet & merry month of May / William Byrd -- Though faint & wasted / Luca Marenzio -- Since my heedlesse eies began to be ranging / Luca Marenzio -- When all alone my bony love / Giro Converso -- When I beheld the faire face of Phyllis sleeping / Luca Marenzio -- Alas, where is my love / Luca Marenzio -- Sweet hart arise that we may take our pleasure / Luca Marenzio -- But if the countrie Gods seeke to surround thee / Luca Marenzio -- When fro[m] my selfe sweet Cupid first bereft me / Luca Marenzio -- Sweet singing Amarillis / Luca Marenzio -- Fancy retyre thee / Luca Marenzio -- How long with vaine complayning / Luca Marenzio -- All yee that joy in wayling / Giov. Maria Nanino -- O heare me heave[n]ly powrs all at one calling / Luca Marenzio -- In chaynes of hope and feare / Luca Marenzio -- When Meliboeus soul flying he[n]ce departed / Luca Marenzio -- Now twinkling starres do smile / (the second part) Luca Marenzio -- Unkind o stay thy flying / Luca Marenzio -- Love hath proclamed warre by Trumpet sounded / Alessandro Striggio -- The fates alas too cruell / Luca Marenzio -- This sweet and merry month of May / William Byrd
=510  4\$aJeremy L. Smith, Thomas East and Music Publishing in Renaissance England (Oxford, Oxford University Press, 2003),$cp. 154-155.
=510  4\$aRISM B/I,$c1590 ²⁹
=546  \\$aEnglish words.
=650  \0$aMadrigals, English
=700  1\$aByrd, William,$d1539 or 1540-1623,$ecomposer.
=700  1\$aConversi, Girolamo,$dactive 1571-1575,$ecomposer.
=700  1\$aDarcy, Conyers Darcy,$cBaron,$d1570-1654,$eformer owner.$5Uk.
=700  1\$aEast, Thomas,$d1540?-1608?,$eprinter.
=700  1\$aEssex, Robert Devereux,$cEarl of,$d1565-1601,$ededicatee.
=700  1\$aMarenzio, Luca,$d1553-1599,$ecomposer.
=700  1\$aNanino, Giovanni Maria,$d1543 or 1544-1607,$ecomposer.
=700  1\$aStriggio, Alessandro,$d1536 or 1537-1592,$ecomposer.
=752  \\$aEngland$dLondon.$2lcsh/naf
=856  41$uhttp://purl.org/rism/BI/1590/29$yDigitised score
=859  \\$aXLD$bDCW
=852  4\$cDRT$jDigital Store K.3.k.12.$aBritish Library$bMUSIC
=985  \\$aEarly Music Online project
=985  \\$aRecord amended for WR# 13/070
=985  \\$aname title to add
=985  \\$aCorrected by MS generated file for WR# 1805-0738
=CAT  \\$aBATCH-DCW$b00$c20171218$lBLL01$h0202
=CAT  \\$a1805-0738$c20190111$lBLL01$h1808
=CAT  \\$a1805-0738$b00$c20190111$lBLL01$h1828
=FIN  \\$aY$d20171218
=LKR  \\$aPAR$lBLL01$r776$b004731924$mThe first sett, of Italian madrigalls Englished, not to the sense of the originall dittie, but after the affection of the noate /$nThe first sett, of Italian madrigalls Englished, not to the sense of the originall dittie, but after the affection of the noate /
=DGM  \\$a004731924$bCatBridge variable field
=DRT  \\$aDCW
=SRC  \\$aDCW$bDCW_20171217
=OHC  \\$a1
=LAS  \\$a1805-0738$b00$c20190111$lBLL01$h1828

