=LDR  05318 cm a2200793 a 4500
=001  018649626
=003  Uk
=005  20171218020208.0
=007  cr\mn\024mpada
=008  930402s1597\\\\enkmdz\\s\\\\\\\\\\\eng\\
=FMT  \\$a  MU
=019  d\$ahd14610006
=019  d\$ahd14610007
=040  \\$aUk$beng$cUk
=041  \\$aeng
=042  \\$aukblsr
=082  14$a780$215
=130  0\$aMusica transalpina.$nBook 2.
=245  10$aMusica transalpina :$bthe second booke of madrigalles to 5 and 6 voices /$ctranslated out of sundrie Italian authors & newly published by Nicolas Yonge.
=246  1\$iTranscribed title page from cantus part book:$aMUSICA TRANSALPINA. / CANTVS. / THE SECOND BOOKE / OF / Madrigalles, to 5. and 6. voices: / translated out of sundrie / Italian Authors / & / NEWLY PVBLISHED / BY / NICOLAS YONGE. / AT LONDON / Printed by Thomas Este. / 1597.
=264  \1$aAt London :$bPrinted by Thomas Este,$c1597.
=300  \\$a6 part books ;$c24 cm (4º)
=336  \\$anotated music$2rdacontent
=337  \\$acomputer$2rdamedia
=338  \\$aonline$2rdacarrier
=340  \\$m4to$2rdabf
=500  \\$aCollection of 24 Italian madrigals given English texts, for 5 or 6 voices (SATB56).
=500  \\$aCopy at K.3.k.20. Cantus (14 leaves), Altus (14 leaves), Tenor (14 leaves), Bassus (14 leaves), Quintus (14 leaves), Sextus (6 leaves); paper dimensions: 203 x 142 mm.$5Uk
=500  \\$aCopy at K.3.k.20. Digitised score at http://purl.org/rism/BI/1597/24.$5Uk
=500  \\$aOn the title page verso is printed a large coat of arms, facing a dedication page to Sir Henry Lennard.
=500  \\$aThe first 16 madrigals for 5 voices; the final 8 madrigals for 6 voices.
=500  \\$aWith table of contents.
=505  0\$aThe white delightfull swanne / Horatio Vecchi -- Zephirus brings the time [that] sweetly senteth / Alfonso Ferabosco -- So farre, deere life, from thy bright beames absented / Giulio Eremita -- Cinthia thy song & chau[n]ting / Giovanni Croce -- Fly if [you] wilt be flying / Giulio Eremita -- At sound of hir sweet voice & words betraying / Lucretio Quintiani -- Browne is my Love but gracefull / Alfonso Ferabosco -- The wine that I so deerly got, sweetly sipping / Alfonso Ferabosco -- Dolorous morneful cares, ruthles tormenting / Luca Marenzio -- In flowre of Aprill springing / Alfonso Ferabosco -- Hills & woods, craggs & rocks / Lucretio Quintiani -- Lady my flame stil burning (first part) / Alfonso Ferabosco -- Sweet Lord, your flame still burning (second part) / Alfonso Ferabosco -- Sweet sparkle of Loves fire / Gio. Maria Nanino -- Now springs each plant to heaven aloft aspriring / Lucretia Quintiani -- Sweet eyes, admiring you I am left hartles / Ste. Venturi -- Love quench this heat co[n]suming / Benedetto Palavacino -- Cruell, why dost thou flye mee / Benedetto Palavacino -- O gratious & worthiest of each creature / Giovanni Croce -- Shall I live so farre distant from thee my deare / Luca Marenzio -- So saith my faire & beautifull Licoris / Luca Marenzio -- For griefe I dye enraged / Andrea Feliciane -- Daintie white pearle, & you fresh smiling Roses / Antonio Bicci -- Hard by a Cristall fountaine / Giovanni Croce.
=510  4\$aJeremy Smith, Thomas East and music publishing in renaissance England (Oxford, Oxford University Press, 2003),$cAppendix 4, no. 28
=510  4\$aRISM B/I,$c1597 ²⁴
=650  \0$aMadrigals, Italian.
=700  1\$aBicci, Antonio,$d1552-1614,$ecomposer.
=700  1\$aCroce, Giovanni,$dapproximately 1557-1609,$ecomposer.
=700  1\$aEast, Thomas,$d1540?-1608?,$eprinter.
=700  1\$aEremita, Giulio,$dapproximately 1550-approximately 1600,$ecomposer.
=700  1\$aFeliciani, Andrea,$d-1596,$ecomposer.
=700  1\$aFerrabosco, Alfonso,$d1543-1588,$ecomposer.
=700  1\$aLennard, Henry,$cSir,$d1570-1616,$ededicatee.
=700  1\$aMarenzio, Luca,$d1553-1599,$ecomposer.
=700  1\$aNanino, Giovanni Maria,$d1543 or 1544-1607,$ecomposer.
=700  1\$aPallavicino, Benedetto,$dapproximately 1551-1601,$ecomposer.
=700  1\$aQuintiani, Lucretio,$dapproximately 1555-$ecomposer.
=700  1\$aVecchi, Orazio,$d1550-1605,$ecomposer.
=700  1\$aVenturi del Nibbio, Stefano,$dactive 1592-1600,$ecomposer.
=700  1\$aYonge, Nicholas,$d-1619,$epublisher.
=710  2\$aThomas East (Firm),$eprinter.
=752  \\$aEngland$dLondon.$2lcsh/naf
=856  41$uhttp://purl.org/rism/BI/1597/24$yDigitised score
=859  \\$aXLD$bDCW
=852  4\$cDRT$jDigital Store K.3.k.20.$aBritish Library$bMUSIC
=985  \\$aEarly Music Online batch 2
=985  \\$aRecord amended for WR# 13/070
=985  \\$aname title to add, heading for Sir Heny Lennard needs work
=985  \\$aCorrected by MS generated file for WR# 1805-0738
=CAT  \\$aBATCH-DCW$b00$c20171218$lBLL01$h0202
=CAT  \\$a1805-0738$c20190111$lBLL01$h1808
=CAT  \\$a1805-0738$b00$c20190111$lBLL01$h1828
=FIN  \\$aY$d20171218
=LKR  \\$aPAR$lBLL01$r776$b004759632$mMusica transalpina : the second booke of madrigalles to 5 and 6 voices /$nMusica transalpina : the second booke of madrigalles to 5 and 6 voices /
=DGM  \\$a004759632$bCatBridge variable field
=DRT  \\$aDCW
=SRC  \\$aDCW$bDCW_20171217
=OHC  \\$a2
=LAS  \\$a1805-0738$b00$c20190111$lBLL01$h1828

