=LDR  04245 cm a2200661 a 4500
=001  018649627
=003  Uk
=005  20171218020208.0
=007  cr\mn\024mpada
=008  930323s1566\\\\it\||z\\s\\\\\\\\\\\zxx\\
=FMT  \\$a  MU
=040  \\$aUk$beng$cUk
=042  \\$aukblsr
=082  14$a780$215
=100  1\$aNeusidler, Melchior,$d1531-1590.
=240  10$aIntabolatura di liuto,$nlibro 2
=245  13$aIl secondo libro intabolatura di liuto :$bove sono madrigali, canzon francesi, pass'e mezi, saltarelli & alcuni suoi ricercari /$cdi Melchior Neysidler, alemano, sonatore di liuto in Augusta, novame[n]te da lui posti in luce.
=264  \1$aIn Venetia :$bAppresso di Antonio Gardano,$c1566.
=300  \\$a48 pages of music ;$c29 cm (folio)
=336  \\$anotated music$2rdacontent
=337  \\$acomputer$2rdamedia
=338  \\$aonline$2rdacarrier
=340  \\$mfolio$2rdabf
=500  \\$aAttributions taken from Brown, ricercars attributed from title page.
=500  \\$aCollection of madrigals, chansons, dances and ricercars, including works for lute by Neusidler and intabulations by Neusidler of works by other composers.
=500  \\$aCopy at K.8.g.3.(2). 26 leaves; original foliation: [i-ii], I-XXXXVIII, [IL-L]; paper dimensions: 276 x 192 mm.$5Uk
=500  \\$aCopy at K.8.g.3.(2). Digitised score at http://purl.org/rism/BI/1566/30.$5Uk
=500  \\$aTranscribed title page: IL / SECONDO / LIBRO / INTABOLATVRA / DI LIVTO / DI MELCHIOR NEYSIDLER / Alemano, Sonatore di Liuto in Augusta, / oue sono Motetti, Canzon Francesi, / Pass'e mezi, Saltarelli & alcuni / suoi Ricercari, Nouamēte / da lui posti in luce. / In Venetia appresso di Antonio Gardano. / 1566.
=500  \\$aWith dedication page in Italian to Melchior Linck.
=500  \\$aWith table of contents, separating madrigals, chansons and dances and ricercars.
=505  0\$aDeus canticum novum (secunda pars: Quia delectasti) / [Orlando di Lasso] -- Omnia que fecisti / [Orlando di Lasso] -- In me transierunt / [Orlando di Lasso] -- Surrexit Pastor bonus / [Orlando di Lasso] -- Benedica[m] dominu[m] (secunda pars: In domino) / [Orlando di Lasso] -- Gustate & videte (secunda pars: Divites eguerunt) / [Orlando di Lasso] -- Susanne ung iour / [Orlando di Lasso] -- Secoures moy / [Orlando di Lasso] -- Iouissance / [Adrian Willaert] -- Oucques amour / [Thomas Crecquillon] -- Dung petit -- Le departir / [Orlando di Lasso] -- Pass'e mezo -- El suo saltarello -- Pass'e mezo La paranzino -- El suo saltarello -- Recercar primo / [Melchior Neusidler] -- Recercar secondo / [Melchior Neusidler] -- Recercar Terzo / [Melchior Neusidler] -- Recercar quarto / [Melchior Neusidler].
=510  4\$aH. M. Brown, Instrumental music printed before 1600: a bibliography (Cambridge, MA, 1965),$c1566/3
=510  4\$aRISM B/I,$c1566 ³⁰
=650  \0$aIntabulations (Lute)
=650  \0$aLute music.
=700  1\$aCrecquillon, Thomas,$d-1557?,$ecomposer.
=700  1\$aGardane, Antonio,$d1509-1569,$eprinter.
=700  1\$aLasso, Orlando di,$d1532-1594,$ecomposer.
=700  1\$aLinck, Melchior,$ededicatee.
=700  1\$aWillaert, Adrian,$d1490?-1562,$ecomposer.
=710  2\$aGardane (Firm),$eprinter.
=752  \\$aItaly$aVenice.$2lcsh/naf
=856  41$uhttp://purl.org/rism/BI/1566/30$yDigitised score
=859  \\$aXLD$bDCW
=852  4\$cDRT$jDigital Store K.8.g.3.(2.)$aBritish Library$bMUSIC
=985  \\$aRecord amended for WR# 13/070
=985  \\$aname title to add; heading for Melchior Linck needs work
=985  \\$aCorrected by MS generated file for WR# 1805-0738
=CAT  \\$aBATCH-DCW$b00$c20171218$lBLL01$h0202
=CAT  \\$a1805-0738$c20190111$lBLL01$h1808
=CAT  \\$a1805-0738$b00$c20190111$lBLL01$h1828
=FIN  \\$aY$d20171218
=LKR  \\$aPAR$lBLL01$r776$b015834926$mIl secondo libro intabolatura di liuto : ove sono madrigali, canzon francesi, pass'e mezi, saltarelli & alcuni suoi ricercari /$nIl secondo libro intabolatura di liuto : ove sono madrigali, canzon francesi, pass'e mezi, saltarelli & alcuni suoi ricercari /
=DGM  \\$a015834926$bCatBridge variable field
=DRT  \\$aDCW
=SRC  \\$aDCW$bDCW_20171217
=OHC  \\$a1
=LAS  \\$a1805-0738$b00$c20190111$lBLL01$h1828

