=LDR  10924 cm a22009137  4500
=001  018650149
=003  Uk
=005  20171219020018.0
=007  cr\mn\024mpada
=008  930310s1578\\\\sp\||z\\s\\\\\\\\\\\zxx\\
=FMT  \\$a  MU
=019  d\$aam17450006
=040  \\$aUk$beng$cUk
=041  \\$gspa
=042  \\$aukblsr
=082  14$a780$215
=100  1\$aCabezón, Antonio de,$d1510-1566.
=240  10$aKeyboard music.$kSelections
=245  10$aObras de mu[si]ca para tecla, arpa [y] vihuela /$cde Antonio de Cabeçon, musico de la camara y capilla del Rey Don Philippe nuestro Señor ; recopiladas y puestas en cifra por Hernando de Cabeçon su hijo. Ansi mesmo musico de camara y capilla de su Magestad. Dirigdas a la S.C.R.M. del Rey Don Philippe nuestro Señor.
=264  \1$a[Madrid] :$bImpressas en Madrid e [n casa de] Francisco Sanchez,$cAño de M.D.LXXVIII [1578]
=300  \\$a201 leaves of music ;$c33 cm (folio)
=336  \\$anotated music$2rdacontent
=337  \\$acomputer$2rdamedia
=338  \\$aonline$2rdacarrier
=340  \\$mfolio$2rdabf
=500  \\$aCollection of music for keyboard in tablature, including variations, ricercars and intabulations of motets, masses and chansons in 2 to 6 parts.
=500  \\$aCopy at K.8.e.10. Digitised score at http://purl.org/rism/BI/1578/24.$5Uk
=500  \\$aCopy at K.8.e.10. Foliation: [i-xii], [1], 2, 2-[7], [7], 8-10, 12, 11, 13-55, 65, 57-59, 50, 61-156, 154, 158-165, 165, 167-197, [198]-200, [201]; paper dimensions: 301 x 209 mm.$5Uk
=500  \\$aIncludes dedication from Hernando de Cabezón to Philip II, King of Spain, in Spanish.
=500  \\$aIncludes works by Antonio de Cabezón and his intabulations of works by other composers.
=500  \\$aTranscribed title page: OBRAS DE MV[SI] / CA PARA TECLA ARPA [Y] / vihuela, de Antonio de Cabeçon, Musico de / la camara y capilla del Rey Don Phi- / lippe nuestro Señor. / RECOPILADAS Y PVESTAS EN CIFRA POR HERNANDO / de Cabeçon su hijo. Ansi mesmo Musico de camara y capilla de su Magestad. / DIRIGIDAS A LA S.C.R.M. DEL REY DON / Philippe nuestro Señor. / CON PRIVILEGIO. / Impressas en Madrid e[n casa de] Francisco Sanchez. Año de M.D.LXXVIII.
=500  \\$aWith preface and instructions on how to read the tablature, in Spanish.
=500  \\$aWith table of contents.
=505  0\$aCanciones glosadas y motetes a quatro: Prenes pitie / Criquillon ; Yepres en grey / Criquillon [arr. Antonio de Cabezón] ; Yepres en grey / [Thomas Crequillon, arr. Hernando de Cabezón] ; Si par suffrir / Criquillon ; Cancion Francesa / Clemens non Papa ; Ancor que col partire / [Cipriano de Rore] ; Por un plasir / Criquillon ; Un gay bergeir / Criquillon ; Dulce memoriae / Hernando de Cabeçon ; Fuga a quatro todas las bozes por una sexto tono / [Antonio de Cabezón] ; Quaeramus / Moton ; Clama ne cesses / Iusquin ; Osanna de la missa de lome arme / [Josquin Desprez] ; Benedictus de la missa de lome arme Iusquin / [Josquin Desprez] ; Ave maris stella / [Antonio de Cabezón] ; Beata viscera Mariae. Canto llano / [Antonio de Cabezón] ; Cum sancto spiritu / Iusquin --
=505  0\$aDuos para principiantes: Duo / [Antonio de Cabezón] ; Duo / [Antonio de Cabezón] ; Duo / [Antonio de Cabezón] ; Ave maristella / [Antonio de Cabezón] ; Ave maristella / [Antonio de Cabezón] ; Ave maristella / [Antonio de Cabezón] ; Ave maristella / [Antonio de Cabezón] ; Te lucis ante terminum / [Antonio de Cabezón] ; Duo / [Antonio de Cabezón] -- Obras de a tres para principiantes: Kyries de nuestra senora: Primer Kyrie / [Antonio de Cabezón] ; Segundo Kyrie / [Antonio de Cabezón] ; Tercer Kyrie / [Antonio de Cabezón] ; Ave maristela / Hernando de Cabeçon ; Ave maristella / [Antonio de Cabezón] ; Pange lingua / [Antonio de Cabezón] ; Pange lingua / [Antonio de Cabezón] -- Obras de a quatro: Versos del primer tono / [Antonio de Cabezón] ; Segundo tono / [Antonio de Cabezón] ; Tercero tono / [Antonio de Cabezón] ; Versos del quarto tono / [Antonio de Cabezón] ; Quinto tono / [Antonio de Cabezón] ; Versos del sexto tono / [Antonio de Cabezón] ; VII tono / [Antonio de Cabezón] ; Octavo tono / [Antonio de Cabezón] --
=505  0\$aFauordones de todos los ocho tonos: Fabordo[n] del primer tono llano / [Antonio de Cabezón] ; Fabordo[n] segu[n]do tono llano / [Antonio de Cabezón] ; Tercer tono llano / [Antonio de Cabezón] ; Quarto Tono llano / [Antonio de Cabezón] ; Quinto Tono llano / [Antonio de Cabezón] ; Sexto Tono llano / [Antonio de Cabezón] ; Septimo Tono llano / [Antonio de Cabezón] ; Octavo tono llano / [Antonio de Cabezón] -- Hymnos: Ave maris stella / [Antonio de Cabezón] ; Ave maris stella / [Antonio de Cabezón] ; Ave maris stella / [Antonio de Cabezón] ; Ave maris stella / [Antonio de Cabezón] ; Veni creator / [Antonio de Cabezón] ; Christe redemptor / [Antonio de Cabezón] ; Ut queant laxis / [Antonio de Cabezón] ; Christe redemptor / [Antonio de Cabezón] ; Pange lingua / [Antonio de Cabezón] ; Pange lingua / [Antonio de Cabezón] ; Pange lingua / [Juan] de Urreda --
=505  0\$aMotetes y canciones de a cinco glosados: Stabat mater dolorosa / Iusquin ; Inviolata / Iusquin ; Si bona suscipemus / Verdelot ; Aspice D[omi]ne / Iaquet ; Sana me D[omi]ne / Clemens non Papa ; In te D[omi]ne speravi / Lupus ; Tercera parte de virgo salutifera / Iusquin ; Hierusalem luget / Ricafort ; Stabat mater dolorosa / Iusquin ; Inviolata / Iusquin ; Ye fille quanile medona / de que Adrian Villarte ; Pis ne me puluenir / Criquillon ; Aiuli vous sola verdura / Lupus ; Ayme qui voldra / Gombert ; Durmendo vn jorno / Verdelot ; Triste de par / Gombert ; Iesuis ay me / Criquillon ; Susana un jur / [Orlando di Lasso, arr. Hernando de Cabeçon] ; Susana / [Orlando di Lasso, arr. Antonio de Cabeçon] ; Pis ne me pul venir / [Thomas Crequillon, arr. Hernando de Cabeçon] ; Qui la dira / Adria[n] Villart ; Ad Dominu[m] cu[m] tribularer. Fuga en 4 / [Antonio de Cabezón] ; Pues a mi desco[n]solado ta[n]tos males me rodean / Iuan de Cabeçon ; Quien llamo al partir partir / [Antonio de Cabezón] --
=505  0\$aMotetes y canciones de a seys y discantes: Benedicta es regina celorum / [Josquin Desprez] ; Benedicta es caelorum Regina / [Josquin Desprez] ; Sancta Maria / Verdelot ; Ave Maria / Iusquin ; Ultimi mei suspiri / [Philippe Verdelot] ; Ardenti mei suspiri / Verdelot ; Differencias sobre las Vacas / [Antonio de Cabezón] ; Pavana Italiana / [Antonio de Cabezón] ; Differe[n]cias sobre la Gallarda Milanesa / [Antonio de Cabezón] ; Diferencias sobre el canto llano del Cauallero / [Antonio de Cabezón] ; Diferencias sobre la Pavana italiana / [Antonio de Cabezón] ; Differe[n]cias sobre el canto de la dama le dema[n]da / [Antonio de Cabezón] ; Differencias sobre el Villancico, de quién te me enojo Isabel / [Antonio de Cabezón] ; Differencias sobre las Vacas / [Antonio de Cabezón] ; Duvien sela / [Antonio de Cabezón].
=505  0\$aTientos: Tientos segundo tono / [Antonio de Cabezón] ; Quarto tono / [Antonio de Cabezón] ; Tiento del primer tono / [Antonio de Cabezón] ; Tiento sobre quiladira / [Antonio de Cabezón] ; Tiento del segundo tono / [Antonio de Cabezón] ; Tiento del tercero tono / [Antonio de Cabezón] ; Quarto tono / [Antonio de Cabezón] ; Tiento del octavo / [Antonio de Cabezón] ; Tiento del quinto tono / [Antonio de Cabezón] ; Tiento del primer tono / [Antonio de Cabezón] ; Tiento del sexto tono (segunda parte) / [Antonio de Cabezón] ; Tiento sobre Cum Sancto Spiritu / [Josquin Desprez, arr. Antonio de Cabezón] --
=505  0\$aVersos de Magnificat sobre todos los ocho tonos: Versos del primer tono / [Antonio de Cabezón] ; Versos del segundo tono / [Antonio de Cabezón] ; Versos del tercero tono / [Antonio de Cabezón] ; Versos del quarto tono / [Antonio de Cabezón] ; Versos del quinto tono / [Antonio de Cabezón] ; Versos del sexto tono / [Antonio de Cabezón] ; Versos septimo tono / [Antonio de Cabezón] ; Versos del octavo tono / [Antonio de Cabezón] ; Rex Virginum / [Antonio de Cabezón] -- Quatro Kyries de cada tono: Kyries del primero tono / [Antonio de Cabezón] ; Kyries del segundo tono / [Antonio de Cabezón] ; Kyries del tercero tono / [Antonio de Cabezón] ; Kyries del quarto tono / [Antonio de Cabezón] ; Kyries del sexto tono / [Antonio de Cabezón] ; Kiries del septimo tono / [Antonio de Cabezón] ; Quinto tono. Kyries / [Antonio de Cabezón] --
=510  3\$aR. Judd: 'The use of notational formats at the keyboard: a study of printed sources of keyboard music in Spain and Italy c.1500-1700, Selected manuscript sources including music writings by Claudio Merulo, and contemporary writings concerning notations' (diss., U. of Oxford, 1988).
=510  4\$aRISM B/I,$c1578 ²⁴
=650  \0$aIntabulations (Keyboard instrument)
=700  0\$aJacquet,$cof Mantua,$d1483-1559,$ecomposer.
=700  0\$aJosquin,$cdes Prez,$d-1521,$ecomposer.
=700  1\$aCabezón, Hernando de,$d1541-1602,$ecompiler,$earranger.
=700  1\$aCabezón, Juan de,$ecomposer.
=700  1\$aClemens non Papa, Jacobus,$dapproximately 1510-approximately 1555,$ecomposer.
=700  1\$aCrecquillon, Thomas,$d-1557?,$ecomposer.
=700  1\$aGombert, Nicolas,$dactive 16th century,$ecomposer.
=700  1\$aHellinck, Lupus,$d-1541,$ecomposer.
=700  1\$aLasso, Orlando di,$d1532-1594,$ecomposer.
=700  1\$aLupi, Johannes,$d-1539,$ecomposer.
=700  1\$aMouton, Jean,$d-1522,$ecomposer.
=700  1\$aRichafort, Jean,$dactive 1507-1548,$ecomposer.
=700  1\$aRore, Cipriano de,$d1515 or 1516-1565,$ecomposer.
=700  1\$aSánchez, Francisco,$dactive 16th century,$eprinter.
=700  1\$aUrreda, Juan,$ecomposer.
=700  1\$aVerdelot, Philippe,$d-approximately 1565,$ecomposer.
=700  1\$aWillaert, Adrian,$d1490?-1562,$ecomposer.
=710  2\$aFrancisco Sánchez (Firm),$eprinter.
=752  \\$aSpain$dMadrid.$2lcsh/naf
=856  41$uhttp://purl.org/rism/BI/1578/24$yDigitised score
=859  \\$aXLD$bDCW
=852  4\$cDRT$jDigital Store K.8.e.10.$aBritish Library$bMUSIC
=985  \\$aRecord amended for WR# 13/070
=985  \\$aname title to add
=985  \\$aCorrected by MS generated file for WR# 1805-0738
=CAT  \\$aBATCH-DCW$b00$c20171219$lBLL01$h0200
=CAT  \\$a1805-0738$c20190111$lBLL01$h1808
=CAT  \\$a1805-0738$b00$c20190111$lBLL01$h1828
=CAT  \\$aBATCH-UPD$b00$c20191207$lBLL01$h1712
=FIN  \\$aY$d20171219
=LKR  \\$aPAR$lBLL01$r776$b004250595$mObras de mu[si]ca para tecla, arpa [y] vihuela /$nObras de mu[si]ca para tecla, arpa [y] vihuela /
=DGM  \\$a004250595$bCatBridge variable field
=DRT  \\$aDCW
=SRC  \\$aDCW$bDCW_20171218
=OHC  \\$a1
=LAS  \\$aBATCH-UPD$b00$c20191207$lBLL01$h1712

