=LDR  05521 cm a2200673 a 4500
=001  018650150
=003  Uk
=005  20171219020018.0
=007  cr\mn\024mpada
=008  930310s1552\\\\be\cpz\\s\\\\\\\\\\\fre\\
=FMT  \\$a  MU
=019  d\$acc08190084
=040  \\$aUk$beng$cUk
=042  \\$aukblsr
=082  14$a780$215
=130  0\$aFleur de chansons.$n1er livre.
=245  13$aLa fleur de chansons et premier lievre à quatre parties :$bcontenant xxxi nouvelles chansons, propices a tous instrume[n]tz musicaulx /$ccomposées, la plus part, par maistre Thomas Crecquillon & aultres bons maistres musiciens.
=264  \1$aImprimees en Anvers :$bPar Tielman Susato, imprimeur de musicque, demeura [n] t devant le nouveau poix, a le [n] seigne du crom cornet,$c[1552]
=300  \\$a4 part books ;$c10 x 15 cm (oblong 16º)
=336  \\$anotated music$2rdacontent
=337  \\$acomputer$2rdamedia
=338  \\$aonline$2rdacarrier
=340  \\$m16mo$2rdabf
=500  \\$aCollection of 31 four-part chansons.
=500  \\$aCopy at K.8.i.4.(7.). Bassvs (24 leaves); original foliation: [i], ii-xxiiii f.; paper dimensions: 90 x 140 mm.$5Uk
=500  \\$aCopy at K.8.i.4.(7.). Digitised score at http://purl.org/rism/BI/1552/7.$5Uk
=500  \\$aTranscribed title page from bassus part book: LA FLEVR DE CHANSONS ET / premier Lieure a quatre parties, contentant xxxi nouuel- / LES CHANSONS, PROPICES A TOVS INSTRV / mētz Musicaulx, composees (la plus part) par Maistre Tho / mas Crecquillon & aultres bons Maistres musiciens. / Imprimees en Anuers par Tielman Susato Imprimeur de Musicque, / demeurāt deuant le nouueau poix, a lēseigne du crom cornet. / BASSVS. / Cum gratia & priuilegio. / Par Bourgeois.
=500  \\$aWith printer's device and privilege statement on title page of bassus part book: "Cum gratia et privilegio, par Bourgeois".
=500  \\$aWith table of contents.
=505  0\$aIe suis cont[e]nt mais par espoir. [Response:] Ung sy tresgrandeur preueoir / Thomas Crecquillon -- Pourtant se suis ung pey ionette d'age -- Enfin a la border allumo[n]s ces fagotz / Clemens non Papa -- Lesse moy belle pigneresse vostre ioly vaiure carpir -- En vous voya[n]t en liberte perdue / Thomas Crecquillon -- Si lon me monstre'affection / Thomas Crecquillon -- Ne scouroit on trouer ung messagier de fra[n]ce / Clemens non Papa -- Plusgra[n]d guirdo[n] dame de vous ne quiers / Tielman Susato -- Ie cha[n]geray quelque chose qu'o[n] pe[n]se / Thomas Crecquillon -- Le cueur le corps le sens l'ente[n]deme[n]t / Thomas Crecquillon -- Les yeux fichez vers ta tres douce face / Thomas Crecquillon -- Lles yeux fichez vers ta tres douce face / Thomas Crecquillon -- Mort ou merchy e[n] la[n]guissa[n]t iatte[n]s / Thomas Crecquillon -- Dame Venus d'amour deesse / Thomas Crecquillon -- Veu le grief mal que lo[n]gueme[n]t iendure -- Helas fortune vous me faicte a la part / Iacques le Roy -- Ne me parlez que de bouteilles / Ioannes Castileti -- Ung triste cueur re[m]ply de fa[n]tasie / Thomas Crecquillon -- O volupte poison tres dangereux / Thomas Crecquillon -- Plus ne fault vivre a creature nee / Thomas Crecquillon -- Dieu trop demure mon amy -- Le corps se plaint & maine grand tristesse / Thomas Crecquillon -- Ie nay point plus d'affection / Thomas Crecquillon -- Amour au cueur me poi[n]gt qua[n]t bie[n] aime ie suis / Thomas Crecquillon -- Quen dictes vous madame de bon aire. [Responce:] Mon bel amy ie vous veux bien co[m]plaire / Iacques le Roy -- Puis que volez que ie vous laisse / Thomas Crecquillon -- Misericorde au martir amoureux / Clemens non Papa -- Au ta[m]ps present ie me veulx prese[n]ter / Thomas Crecquillon -- Vien tost despiteux desconfort / Nicolas Payen.
=510  3\$aMeissner, Ute. Das Antwerpen Notendrucker Tylman Susato. Berlin: Verlag Merseburger, 1967. (Berliner Studien zur Musikwissenschaft; Band 11).
=510  4\$aRISM B/I,$c1552 ⁷
=546  \\$aFrench words.
=650  \0$aPolyphonic chansons.
=700  1\$aClemens non Papa, Jacobus,$dapproximately 1510-approximately 1555,$ecomposer.
=700  1\$aCrecquillon, Thomas,$d-1557?,$ecomposer.
=700  1\$aGuyot, Jean,$d-1588,$ecomposer.
=700  1\$aLe Roy, Jacques,$dactive 1550-1556,$ecomposer.
=700  1\$aPayen, Nicolas,$dapproximately 1512-approximately 1559,$ecomposer.
=700  1\$aSusato, Tielman,$dactive 1529-1561,$ecomposer,$eprinter.
=710  2\$aTielman Susato (Firm),$eprinter.
=752  \\$aBelgium$dAntwerp.$2lcsh/naf
=856  41$uhttp://purl.org/rism/BI/1552/7$yDigitised score
=859  \\$aXLD$bDCW
=852  4\$cDRT$jDigital Store K.8.i.4.(7.)$aBritish Library$bMUSIC
=985  \\$aRecord amended for WR# 13/070
=985  \\$aname title to add
=985  \\$aCorrected by MS generated file for WR# 1805-0738
=CAT  \\$aBATCH-DCW$b00$c20171219$lBLL01$h0200
=CAT  \\$a1805-0738$c20190111$lBLL01$h1808
=CAT  \\$a1805-0738$b00$c20190111$lBLL01$h1828
=CAT  \\$aBATCH-UPD$b00$c20190818$lBLL01$h2055
=FIN  \\$aY$d20171219
=LKR  \\$aPAR$lBLL01$r776$b004263609$mLa fleur de chansons et premier lievre à quatre parties : contenant xxxi nouvelles chansons, propices a tous instrume[n]tz musicaulx /$nLa fleur de chansons et premier lievre à quatre parties : contenant xxxi nouvelles chansons, propices a tous instrume[n]tz musicaulx /
=DGM  \\$a004263609$bCatBridge variable field
=DRT  \\$aDCW
=SRC  \\$aDCW$bDCW_20171218
=OHC  \\$a1
=LAS  \\$aBATCH-UPD$b00$c20190818$lBLL01$h2055

