=LDR  05389 cm a2200709 a 4500
=001  018650151
=003  Uk
=005  20171219020018.0
=007  cr\mn\024mpada
=008  930310s1552\\\\be\cpz\\s\\\\\\\\\\\fre\\
=FMT  \\$a  MU
=019  d\$acc08190085
=040  \\$aUk$beng$cUk
=042  \\$aukblsr
=082  14$a780$215
=130  0\$aFleur de chansons.$n2e livre.
=245  13$aLa fleur de chansons et second livre à quatre parties :$bco[n]tena[n]t xxviij nouvelles chansons, propices a tous instrumentz musicaulx /$ccomposées par plusieurs bons maistres musiciens.
=264  \1$aImprimees en Anvers :$bPar Tielman Susato, imprimeur de musicque, demeura [n] t deva [n] t le nouveau poix, a lenseigne du cornemuse,$c[1552]
=300  \\$a4 part books ;$c10 x 15 cm (oblong 16º)
=336  \\$anotated music$2rdacontent
=337  \\$acomputer$2rdamedia
=338  \\$aonline$2rdacarrier
=340  \\$m16mo$2rdabf
=500  \\$aCollection of 28 four-part chansons.
=500  \\$aCopy at K.8.i.4.(8.). Bassvs (24 leaves); original foliation: [i], ii-xxiiii f.; paper dimensions: 90 x 140 mm.$5Uk
=500  \\$aCopy at K.8.i.4.(8.). Digitised score at http://purl.org/rism/BI/1552/8.$5Uk
=500  \\$aTranscribed title page from bassus part book: LA FLEVR DE CHANSONS ET / second Liure a quatre parties, cōtenāt xxviij nou- / VELLES CHANSONS, PROPICES A TOVS IN- / strumentz Musicaulx, composees par plusieurs bons maistres / musiciens, Imprimees en Anuers par Tielman Susato / Imprimeur de Musicque, demeurāt deuāt le nou- / ueau poix, a lenseigne du Cornemuse / BASSVS. / Cum Gratia & priuilegio, / Par Bourgeois.
=500  \\$aWith printer's device and privilege statement on title page of bassus part book: "Cum gratia et privilegio, par Bourgeois".
=500  \\$aWith table of contents.
=505  0\$aRaison me dict que damour me deport / Nicolas Gombert -- Crainte' & espoir m'oppresse[n]t gra[n]deme[n]t / Nicolas Gombert -- Den pre[n]dre deux cest gra[n]t oultrage -- En regardant par une traille -- Garcon de villaige qui se vouloit marier / Thomas Crecquillon -- Plus en sera garde de ma ionette / Nicolas Gombert -- Qui veult aymer secretement -- En attendant d'amour la iouyssance. [Response:] En attendant vous perdez vosre paine / Thomas Crecquillon -- Ie cherche auta[n]t amour & le desire / Thomas Crecquillon -- Il est lundi ie le scay bien -- Puis que malheur me tie[n]t sy gra[n]d rigeur / Thomas Crecquillon -- Secours de dueil & de mon mal le misre / Io. Crespel -- Pour une las iendure / Tielman Susato -- Or puis qu'amour ma volu faire' ava[n]cer / Thomas Crecquillon -- Onques amour ne fust sans gra[n]t la[n]gueur / Tho. Crecquillon -- Le co[n]tent est riche' e[n] ce mo[n]de. [Fricasse Au pres de vous] -- Aies bien tost de moy merchi / Cleme[n]s non Papa -- Guerisses moy du mal que mo[n] cueur porte / Thomas Crecquillon -- Touttes les nuictz aussi vient qua[n]t ie couche. [response] / Io. Baston -- Pas aultre narray que sa seulle personne / Io. Buys -- Veiulla[n]t fuyr ce qui mest ta[n]t co[n]traire / Io. Baston -- Adieu lespoir ou mo[n] cueur aspiroit / Thomas Crecquillon -- Or il ne m'est possible / Cleme[n]s non Papa -- Ta bo[n]ne gra[ce]. Et le regart -- Sy nattemprez ces yeux ou mon cueur ardt / Thomas Crecquillon -- Puis que de moy n'avez ferme fia[n]ce / Ioannes Castileti -- Si nay secours o belle chaterine / Petit ian de Latere.
=510  3\$aMeissner, Ute. Das Antwerpen Notendrucker Tylman Susato. Berlin: Verlag Merseburger, 1967. (Berliner Studien zur Musikwissenschaft; Band 11).
=510  4\$aRISM B/I,$c1552 ⁸
=546  \\$aFrench words.
=650  \0$aPolyphonic chansons.
=700  1\$aBaston, Josquin,$dactive 1542-1563,$ecomposer.
=700  1\$aBuus, Giacques,$d-1565,$ecomposer.
=700  1\$aClemens non Papa, Jacobus,$dapproximately 1510-approximately 1555,$ecomposer.
=700  1\$aCrecquillon, Thomas,$d-1557?,$ecomposer.
=700  1\$aCrespel, Jean,$dactive 16th century,$ecomposer.
=700  1\$aDe Latre, Petit Jean,$dapproximately 1510-1569,$ecomposer.
=700  1\$aGombert, Nicolas,$dactive 16th century,$ecomposer.
=700  1\$aGuyot, Jean,$d-1588,$ecomposer.
=700  1\$aSusato, Tielman,$dactive 1529-1561,$ecomposer,$eprinter.
=710  2\$aTielman Susato (Firm),$eprinter.
=752  \\$aBelgium$dAntwerp.$2lcsh/naf
=856  41$uhttp://purl.org/rism/BI/1552/8$yDigitised score
=859  \\$aXLD$bDCW
=852  4\$cDRT$jDigital Store K.8.i.4.(8.)$aBritish Library$bMUSIC
=985  \\$aRecord amended for WR# 13/070
=985  \\$aname title to add
=985  \\$aCorrected by MS generated file for WR# 1805-0738
=CAT  \\$aBATCH-DCW$b00$c20171219$lBLL01$h0200
=CAT  \\$a1805-0738$c20190111$lBLL01$h1808
=CAT  \\$a1805-0738$b00$c20190111$lBLL01$h1828
=CAT  \\$aBATCH-UPD$b00$c20190818$lBLL01$h2055
=FIN  \\$aY$d20171219
=LKR  \\$aPAR$lBLL01$r776$b004263610$mLa fleur de chansons et second livre à quatre parties : co[n]tena[n]t xxviij nouvelles chansons, propices a tous instrumentz musicaulx /$nLa fleur de chansons et second livre à quatre parties : co[n]tena[n]t xxviij nouvelles chansons, propices a tous instrumentz musicaulx /
=DGM  \\$a004263610$bCatBridge variable field
=DRT  \\$aDCW
=SRC  \\$aDCW$bDCW_20171218
=OHC  \\$a1
=LAS  \\$aBATCH-UPD$b00$c20190818$lBLL01$h2055

