=LDR  05700 cm a2200769 a 4500
=001  018650152
=003  Uk
=005  20171219020018.0
=007  cr\mn\024mpada
=008  930310s1552\\\\be\cpz\\s\\\\\\\\\\\fre\\
=FMT  \\$a  MU
=019  d\$acc08190087
=040  \\$aUk$beng$cUk
=042  \\$aukblsr
=082  14$a780$215
=130  0\$aFleur de chansons.$n4e livre.
=245  13$aLa fleur de chansons et quatriesme livre à quatre parties :$bco[n]tena[n]t xxvij nouvelles chansons, propices a tous instrumentz musicaulx /$ccomposées par plusieurs bon maistres musiciens.
=264  \1$aImprimees en Anvers :$bPar Tielman Susato, imprimeur de musicque, demeura [n] t deva [n] t le nouveau poix, a lenseigne du cornet tortu,$c[1552]
=300  \\$a4 part books ;$c10 x 15 cm (oblong 16º)
=336  \\$anotated music$2rdacontent
=337  \\$acomputer$2rdamedia
=338  \\$aonline$2rdacarrier
=340  \\$m16mo$2rdabf
=500  \\$aCollection of 27 four-part chansons.
=500  \\$aCopy at K.8.i.4.(10.). Bassvs (24 leaves); original foliation: [i], ii-xxiiii f.; paper dimensions: 90 x 140 mm.$5Uk
=500  \\$aCopy at K.8.i.4.(10.). Digitised score at http://purl.org/rism/BI/1552/9.$5Uk
=500  \\$aTranscribed title page from bassus part book: LA FLEVR DE CHANSONS ET / quatriesme Liure a quatre parties, cōtenāt xxvij nou- / VELLES CHANSONS, PROPICES A TOUS IN- / strumentz Musicaulx, composes par plusieurs bons maistres / musiciens, Imprimees en Anuers, par Tijlman Susato, / Imprimeur de Musicque, demeurāt deuāt le nou- / ueau poix, a lenseigne du Cornet tortu / BASSVS / Cum Gratia & priuilegio, / Par Borgois. / On les vent a la nouuelle Bource a lenseigne / du moys de may.
=500  \\$aWith printer's device and privilege statement on title page of bassus part book: "Cum gratia et privilegio, par Borgois,en les vent a la nouvelle bource a lenseigne du moys de may".
=500  \\$aWith table of contents.
=505  0\$aCest boucanne de soy tenir a une / Adrianus Williart -- Fille qui prent faceulx mary / Io. Crespel -- Plus de venus ne me veulx lamenter / Nicolas Gombert -- Laultre iour iouer ia loye au vert bois / Benedictus -- Mon petit cueur ma ioie' & mo[n] confort / Io. De Hollandre -- Dueil & e[n]nuy souci regretz et paine -- Se bien dire ie'osoie / Petrus Millet -- Tant de travail, tant / Nicolas Gombert -- Cesses mes yeulx de ta[n]t vous torme[n]ter / Tho. Crecquillon -- Destre' amoureux iamais ne seray las / Nicolas Gombert -- Amour & crainte' esperance sont ensamble / Thomas Crecquillon -- De vous bie[n] nul ie nay qui me co[n]te[n]te / Io. Castileti -- Si tant de bien me volez -- Anour [sic.] me poing & si ie me veulx plaindre / Philippe de wildre -- Amour tu m'espar trop cruel / Clemens non Papa -- Vivraige tousiours en telle peine / Iacques le Roy -- Mon bo[n] voloir & mo[n] perfaict desir / Thomas Crecquillon -- Se iay lamour de celle ou ie pretende / Thomas Crecquillon -- Tousiours seray en paine la[n]guissant -- Vivons ioyeusement / Rogier -- Vivrayge tousiours en telle paine. [Response:] Sans plourer & gemir vous diray mo[n] plasir / Petit Ian -- Ung iour passe vis ung gala[n]t -- Une fillette ta[n]t subtille trouvay / Clemens non Papa -- Plus chant que feu ie la[n]guis par tes ieux / Thomas Crecquillon -- On le m'a dict dagne' arouelle -- Mamie' a eut de dieu le do[n] / Cornelius Canis.
=510  3\$aMeissner, Ute. Das Antwerpen Notendrucker Tylman Susato. Berlin: Verlag Merseburger, 1967. (Berliner Studien zur Musikwissenschaft; Band 11).
=510  4\$aRISM B/I,$c1552 ⁹
=546  \\$aFrench words.
=650  \0$aPolyphonic chansons.
=700  1\$aAppenzeller, Benedictus,$dactive 16th century,$ecomposer.
=700  1\$aCanis, Cornelius,$dapproximately 1510-1561,$ecomposer.
=700  1\$aClemens non Papa, Jacobus,$dapproximately 1510-approximately 1555,$ecomposer.
=700  1\$aCrecquillon, Thomas,$d-1557?,$ecomposer.
=700  1\$aCrespel, Jean,$dactive 16th century,$ecomposer.
=700  1\$aDe Latre, Petit Jean,$dapproximately 1510-1569,$ecomposer.
=700  1\$aGombert, Nicolas,$dactive 16th century,$ecomposer.
=700  1\$aGuyot, Jean,$d-1588,$ecomposer.
=700  1\$aHollande, Jean de,$dactive 1538-1553,$ecomposer.
=700  1\$aLe Roy, Jacques,$dactive 1550-1556,$ecomposer.
=700  1\$aPathie, Rogier,$dapproximately 1510-$ecomposer.
=700  1\$aSusato, Tielman,$dactive 1529-1561,$eprinter.
=700  1\$aWilder, Philip van,$d-1553,$ecomposer.
=700  1\$aWillaert, Adrian,$d1490?-1562,$ecomposer.
=710  2\$aTielman Susato (Firm),$eprinter.
=752  \\$aBelgium$dAntwerp.$2lcsh/naf
=856  41$uhttp://purl.org/rism/BI/1552/9$yDigitised score
=859  \\$aXLD$bDCW
=852  4\$cDRT$jDigital Store K.8.i.4.(10.)$aBritish Library$bMUSIC
=985  \\$aRecord amended for WR# 13/070
=985  \\$aname title to add
=985  \\$aCorrected by MS generated file for WR# 1805-0738
=CAT  \\$aBATCH-DCW$b00$c20171219$lBLL01$h0200
=CAT  \\$a1805-0738$c20190111$lBLL01$h1808
=CAT  \\$a1805-0738$b00$c20190111$lBLL01$h1828
=CAT  \\$aBATCH-UPD$b00$c20190818$lBLL01$h2055
=FIN  \\$aY$d20171219
=LKR  \\$aPAR$lBLL01$r776$b004263612$mLa fleur de chansons et quatriesme livre à quatre parties : co[n]tena[n]t xxvij nouvelles chansons, propices a tous instrumentz musicaulx /$nLa fleur de chansons et quatriesme livre à quatre parties : co[n]tena[n]t xxvij nouvelles chansons, propices a tous instrumentz musicaulx /
=DGM  \\$a004263612$bCatBridge variable field
=DRT  \\$aDCW
=SRC  \\$aDCW$bDCW_20171218
=OHC  \\$a1
=LAS  \\$aBATCH-UPD$b00$c20190818$lBLL01$h2055

