=LDR  05245 cm a2200649 a 4500
=001  018650153
=003  Uk
=005  20171219020018.0
=007  cr\mn\024mpada
=008  930310s1552\\\\be\cpz\\s\\\\\\\\\\\fre\\
=FMT  \\$a  MU
=019  d\$acc08190088
=040  \\$aUk$beng$cUk
=042  \\$aukblsr
=082  14$a780$215
=130  0\$aFleur de chansons.$n5e livre.
=245  13$aLa fleur de chansons et cincquiesme livre a troix parties :$bco[n]tena[n]t xxvi nouvelles chansons, propices a tous instrumentz musicaulx /$ccomposees par plusieurs bons maistres musiciens.
=264  \1$aImprimees en Anvers :$bPar Tijlman Susato, imprimeur de musicque, demeura [n] t deva [n] t le nouveau poix, a le [n] seigne du cornet tortu,$clan MDLII au moys de may [1552]
=300  \\$a3 part books ;$c10 x 15 cm (oblong 16º)
=336  \\$anotated music$2rdacontent
=337  \\$acomputer$2rdamedia
=338  \\$aonline$2rdacarrier
=340  \\$m16mo$2rdabf
=500  \\$aCollection of 26 three-part chansons (STB).
=500  \\$aCopy at K.8.i.4.(11.). Bassvs (24 leaves); original foliation: [i], ii-xxiiii f.; paper dimensions: 90 x 140 mm.$5Uk
=500  \\$aCopy at K.8.i.4.(11.). Digitised score at http://purl.org/rism/BI/1552/10.$5Uk
=500  \\$aTranscribed title page from bassus part book: LA FLEVR DE CHANSONS ET / cincquiesme Liure a troix parties, cōtenāt xxvi nou- / VELLES CHANSONS, PROPICES A TOVS IN- / strumentz Musicaulx, composes par plusieurs bons maistres / musiciens, Imprimees en Anuers, par Tijlman Susato, / Imprimeur de Musicque, demeurāt deuāt le nou- / ueau poix, a lenseigne du Cornet tortu / Lan M. D. LII. au Moys de May / BASSVS / Cum Gratia & priuilegio, / Par Borgois. / On les vent a la nouuelle Bource a lenseigne / du moys de may.
=500  \\$aWith printer's device and privilege statement on title page of bassus part book: "Cum gratia et privilegio, par Bourgois. On les vent a la nouvelle bource a lenseigne du moys de may".
=500  \\$aWith table of contents.
=505  0\$aHaste vous de moy faire grace / Tho. Crecquillon -- Loeil dict asses sil estoit e[n]tendu / Thomas Crecquillon -- A la fontaine duprez margo s'est baignie / Thomas Crecquillon -- Ie suis ayme de la plus belle / Thomas Crecquillon -- Le trop long temps qu'ay este sans te veoir / Thomas Crecquillon -- Vostre rigueur veult do[n]cq[ue]s que ie meure / Tho. Crecquillon -- Content desir content. [Response:] Vivre ne puis content sans ta presence / Thomas Crecquillon -- O combien est malheureux le desir / Thomas Crecquillon -- Touttes les nuicts que sa[n]s vous ie me couche / Tho. Crecquillon -- Si me tenez tant de rigueur / Thomas Crecquillon -- De moins que riens a peu lon peu venir / Thomas Crecquillon -- Ava[n]t laymer ie lay voulu cognoistre / Tho. Crecquillon -- Iour desire qui te pourra attendre / Thomas Crecquillon -- Ie demande co[m]me tout / Clement Iannequin -- Paine' & travail me tient en la malheure / [Clement Iannequin] -- Men allis veoir la belle au corps ioly / Clement Iannequin -- Iay trop soudaineme[n]t ayme / Clement Iannequin -- Quant ne te veoy mo[n] cueur de tout se pasme / Clement Iannequin -- Toy cupido qui a toute puissance / Clement Iannequin -- De son amour me donne iouyssance / Clement Iannequin -- Sil est si doulx par quoy n'est do[n]cques moi[n]dre / Clement Iannequin -- Ie suis trop ionette pour faire' ung amie / N. Gombert -- Doulce memoire en plaisir co[n]sommée / Io. Baston -- Ie suis ayme de la plus belle / Thomas Crecquillon -- Or vray dieu qu'il est enuye / Tho. Crecquillon.
=510  3\$aMeissner, Ute. Das Antwerpen Notendrucker Tylman Susato. Berlin: Verlag Merseburger, 1967. (Berliner Studien zur Musikwissenschaft; Band 11).
=510  4\$aRISM B/I,$c1552 ¹⁰
=546  \\$aFrench words.
=650  \0$aPolyphonic chansons.
=700  1\$aBaston, Josquin,$dactive 1542-1563,$ecomposer.
=700  1\$aCrecquillon, Thomas,$d-1557?,$ecomposer.
=700  1\$aGombert, Nicolas,$dactive 16th century,$ecomposer.
=700  1\$aJanequin, Clément,$dapproximately 1495-approximately 1560,$ecomposer.
=700  1\$aSusato, Tielman,$dactive 1529-1561,$eprinter.
=710  2\$aTielman Susato (Firm),$eprinter.
=752  \\$aBelgium$dAntwerp.$2lcsh/naf
=856  41$uhttp://purl.org/rism/BI/1552/10$yDigitised score
=859  \\$aXLD$bDCW
=852  4\$cDRT$jDigital Store K.8.i.4.(11.)$aBritish Library$bMUSIC
=985  \\$aRecord amended for WR# 13/070
=985  \\$aname title to add
=985  \\$aCorrected by MS generated file for WR# 1805-0738
=CAT  \\$aBATCH-DCW$b00$c20171219$lBLL01$h0200
=CAT  \\$a1805-0738$c20190111$lBLL01$h1808
=CAT  \\$a1805-0738$b00$c20190111$lBLL01$h1828
=FIN  \\$aY$d20171219
=LKR  \\$aPAR$lBLL01$r776$b004263613$mLa fleur de chansons et cincquiesme livre a troix parties : co[n]tena[n]t xxvi nouvelles chansons, propices a tous instrumentz musicaulx /$nLa fleur de chansons et cincquiesme livre a troix parties : co[n]tena[n]t xxvi nouvelles chansons, propices a tous instrumentz musicaulx /
=DGM  \\$a004263613$bCatBridge variable field
=DRT  \\$aDCW
=SRC  \\$aDCW$bDCW_20171218
=OHC  \\$a1
=LAS  \\$a1805-0738$b00$c20190111$lBLL01$h1828

