=LDR  04850 cm a2200661 a 4500
=001  018650154
=003  Uk
=005  20171219020018.0
=007  cr\mn\024mpada
=008  930310s1552\\\\be\cpz\\s\\\\\\\\\\\fre\\
=FMT  \\$a  MU
=019  d\$acc08190089
=040  \\$aUk$beng$cUk
=042  \\$aukblsr
=082  14$a780$215
=130  0\$aFleur de chansons.$n6e livre.
=245  13$aLa fleur de chansons et sixiesme livre a troix parties :$bco[n]tena[n]t xxiij nouvelles chansons, propices a tous instrumentz musicaulx /$ccomposees par plusieurs bons maistres musiciens.
=264  \1$aImprimèes en Anvers :$bPar Tijlman Susato, imprimeur de musicque, demeura [n] t deva [n] t le nouveau poix, a lenseigne du cornet tortu,$clan MDLII au moys de iuliet [1552]
=300  \\$a3 part books ;$c10 x 15 cm (oblong 16º)
=336  \\$anotated music$2rdacontent
=337  \\$acomputer$2rdamedia
=338  \\$aonline$2rdacarrier
=340  \\$m16mo$2rdabf
=500  \\$aCollection of 23 three-part chansons.
=500  \\$aCopy at K.8.i.4.(12.). Bassvs (24 leaves); original foliation: [i], ii-xxiiii f.; paper dimensions: 90 x 140 mm.$5Uk
=500  \\$aCopy at K.8.i.4.(12.). Digitised score at http://purl.org/rism/BI/1552/11.$5Uk
=500  \\$aTranscribed title page from bassus part book: LA FLEVR DE CHANSONS ET / sixiesme Liure a troix parties, cōtenāt xxiij nou- / VELLES CHANSONS, PROPICES A TOVS IN- / strumentz Musicaulx, Composees par plusieurs bons maistres / musiciens, Imprimèes en Anuers, par Tijlman Susato, / Imprimeur de Musicque, demeurāt deuāt le nou- / ueau poix, a lenseigne du Cornet tortu / Lan M. D. LII. au Moys de Iuliet / BASSVS / Cum Gratia & priuilegio, / Par Borgois. / On les vend a la nouuelle Bource a lenseigne / du moys de may.
=505  0\$aSe dire ie lozoye du me vi[n]ct le souffrir / Benedictus -- Las que fera mo[n] cueur -- Ma bouche cha[n]te mo[n] cueur pleure / Gor Canis -- Le bergier & la bergiere sont assis pres du[n]g buisso[n]. [A troix] -- Seraige iamais quite la peine de mo[n] cueur / Cabillau -- Elle veult dont par estrange rigueur. [A troix] -- En attendant lespoir de ma maistresse / Cor Canis -- On en dira ce qu'o[n] vouldra -- En attendant lespoir de ma maistresse / Io. Crespel -- Au ioly boys sur la verdure / Io. Crespel -- Et pour ta[n]t se ie suis ionette -- La rosee du mois de may / Io. Crespel -- Qui la vouldra souhaite que ie meure / Goesse Ionckers -- Paine' & travail me faict incessament -- Tousiours leal a ma maistresse / Io. Crespel -- Incessament ie suis a dire tie[n] / Clement Iannequin -- Dictes moy doncq il n'en se fera rien / Clement Iannequin -- Pleusist adieu qui cre a tout le mo[n]de / Io. Crespel -- Arrosez voz vi voz vi voz violette / Io. Crespel -- Bien apperchoy qui ie suis maleureulx -- Celluy qui est loing de samye / Ni. Gombert -- Mon petit cueur plain de doleurs / Cornelius Canis -- Tout plain d'e[n]nuy & de desco[n]fort / Benedictus.
=510  3\$aMeissner, Ute. Das Antwerpen Notendrucker Tylman Susato. Berlin: Verlag Merseburger, 1967. (Berliner Studien zur Musikwissenschaft; Band 11).
=510  4\$aRISM B/I,$c1552 ¹¹
=546  \\$aFrench words.
=650  \0$aPolyphonic chansons.
=700  1\$aAppenzeller, Benedictus,$dactive 16th century,$ecomposer.
=700  1\$aCabillau,$ecomposer.
=700  1\$aCanis, Cornelius,$dapproximately 1510-1561,$ecomposer.
=700  1\$aCrespel, Jean,$dactive 16th century,$ecomposer.
=700  1\$aGombert, Nicolas,$dactive 16th century,$ecomposer.
=700  1\$aJanequin, Clément,$dapproximately 1495-approximately 1560,$ecomposer.
=700  1\$aJonckers, Goessen,$ecomposer.
=700  1\$aSusato, Tielman,$dactive 1529-1561,$eprinter.
=710  2\$aTielman Susato (Firm),$eprinter.
=752  \\$aBelgium$dAntwerp.$2lcsh/naf
=856  41$uhttp://purl.org/rism/BI/1552/11$yDigitised score
=859  \\$aXLD$bDCW
=852  4\$cDRT$jDigital Store K.8.i.4.(12.)$aBritish Library$bMUSIC
=985  \\$aRecord amended for WR# 13/070
=985  \\$aname title to add; name headings for Cabillau and Goessen Jonckers need work.
=985  \\$aCorrected by MS generated file for WR# 1805-0738
=CAT  \\$aBATCH-DCW$b00$c20171219$lBLL01$h0200
=CAT  \\$a1805-0738$c20190111$lBLL01$h1808
=CAT  \\$a1805-0738$b00$c20190111$lBLL01$h1828
=FIN  \\$aY$d20171219
=LKR  \\$aPAR$lBLL01$r776$b004263614$mLa fleur de chansons et sixiesme livre a troix parties : co[n]tena[n]t xxiij nouvelles chansons, propices a tous instrumentz musicaulx /$nLa fleur de chansons et sixiesme livre a troix parties : co[n]tena[n]t xxiij nouvelles chansons, propices a tous instrumentz musicaulx /
=DGM  \\$a004263614$bCatBridge variable field
=DRT  \\$aDCW
=SRC  \\$aDCW$bDCW_20171218
=OHC  \\$a1
=LAS  \\$a1805-0738$b00$c20190111$lBLL01$h1828

