=LDR  04932 cm a2200733 a 4500
=001  018650155
=003  Uk
=005  20171219020018.0
=007  cr\mn\024mpada
=008  930310s1559\\\\fr\cpz\\s\\\\\\\\\\\fre\\
=FMT  \\$a  MU
=019  d\$acc08190109
=040  \\$aUk$beng$cUk
=042  \\$aukblsr
=082  14$a780$215
=130  0\$aTrophée de musique.$n1er.
=245  13$aLe premier trophée de musique :$bcomposé des plus harmonieuses et excellentes chansons choisies entre la fleur et composition des plus fameux et excellens musiciens, tant anciens que modernes : le tout à quatre parties, en quatre volumes.
=264  \1$aA Lyon :$bDe l'impression de Robert Granjon,$cMDLIX [1559]
=300  \\$a4 part books ;$c10 x 15 cm (oblong 4º)
=336  \\$anotated music$2rdacontent
=337  \\$acomputer$2rdamedia
=338  \\$aonline$2rdacarrier
=340  \\$m4to$2rdabf
=500  \\$aCollection of 24 chansons in four parts (SATB).
=500  \\$aCopy at K.8.i.4.(5). Bassus (24 leaves); original foliation: [i-ii], iii-xliiii, [xlv-xlviii] p.; paper dimensions: 90 x 140 mm.$5Uk
=500  \\$aCopy at K.8.i.4.(5). Digitised score at http://purl.org/rism/BI/1559/14.$5Uk
=500  \\$aTranscribed title page from bassus part book: Le PREMIER TROPHEE / de Musique, composé des plus harmonieuses et excellentes / Chansons choisies entre la fleur et composition des plus fameux / et excellens Musiciens, tant anciens que modernes, / le tout à quatre parties, en / quatre volumes. / [Printers' device] / BASSVS. / A Lyon, / De L'impression de Robert Granjon. / M.D.Lix. /
=500  \\$aWith table of contents at end.
=505  0\$aSi i'ay du bien / Sandrin -- Voulans honneur / Sandrin -- Voz huis sont ilz tous fermez / Godard -- Puis que vivr' en servitude / Arcadelt -- Amour se doit figurer une rose / Maillard -- Qui souhaittez avoir tout le plaisir / Gentian -- Vous qui voulez avoir contentement / Gentian -- Un grand desire / Maillard -- Gentil esprit donnez moy par raison / Mornable -- Le voir, l'ouyr, le parler / Villiers -- De son cueur et du mien / Certon -- Bouche de courail precieux / Goudeau -- Amour brusle par son ardent flamme / Maillard -- Je suis desheritée / Cadeac -- O que je vis en estrange martire / Lupi second -- Voyez le tort d'amour / Gentian -- Comme le cerf longuement / Phil. Jambe de fer -- De mil ennuis que ie porte / Arcadelt -- Si faux danger scavoit combien / Arcadelt -- De qui plustost maintenant me suis plaindre / Sandrin -- D'amour de vous du temps et de moymesme / Mornable -- Honneur sans plus en noble cueur / Lupus -- Dieu les amans qui moy sen connoissez / Arcadelt -- Venus avoit son filz amour perdu / Villiers.
=510  4\$aRISM B/I,$c1559 ¹⁴
=546  \\$aFrench words, printed in Caractères de civilité.
=650  \0$aPolyphonic chansons.
=700  0\$aSandrin,$dactive 1538-1561,$ecomposer.
=700  1\$aArcadelt, Jacob,$dapproximately 1505-1568,$ecomposer.
=700  1\$aCadéac, Pierre,$ecomposer.
=700  1\$aCerton, Pierre,$d-1572,$ecomposer.
=700  1\$aGentian,$dactive 1538-1559,$ecomposer.
=700  1\$aGodard, Robert,$dactive 1536-1560,$ecomposer.
=700  1\$aGoudeau,$dactive 1559,$ecomposer.
=700  1\$aGranjon, Robert,$dactive 1523-1588.$tprinter.
=700  1\$aHellinck, Lupus,$d-1541.
=700  1\$aJambe de Fer, Philibert,$ecomposer.
=700  1\$aLupi Second, Didier,$dactive 1548-1559,$ecomposer.
=700  1\$aMaillard, Jean,$dactive 1538-1572,$ecomposer.
=700  1\$aMornable, Antoine,$dactive 1530-1553,$ecomposer.
=700  1\$aVilliers, Pierre de,$dactive 16th century,$ecomposer.
=710  2\$aRobert Granjon (Firm),$eprinter.
=752  \\$aFrance$dLyon.$2lcsh/naf
=856  41$uhttp://purl.org/rism/BI/1559/14$yDigitised score
=859  \\$aXLD$bDCW
=852  4\$cDRT$jDigital Store K.8.i.4.(5.)$aBritish Library$bMUSIC
=985  \\$aRecord amended for WR# 13/070
=985  \\$aname title to add
=985  \\$aCorrected by MS generated file for WR# 1805-0738
=CAT  \\$aBATCH-DCW$b00$c20171219$lBLL01$h0200
=CAT  \\$a1805-0738$c20190111$lBLL01$h1808
=CAT  \\$a1805-0738$b00$c20190111$lBLL01$h1828
=FIN  \\$aY$d20171219
=LKR  \\$aPAR$lBLL01$r776$b004263634$mLe premier trophée de musique : composé des plus harmonieuses et excellentes chansons choisies entre la fleur et composition des plus fameux et excellens musiciens, tant anciens que modernes : le tout à quatre parties, en quatre volumes.$nLe premier trophée de musique : composé des plus harmonieuses et excellentes chansons choisies entre la fleur et composition des plus fameux et excellens musiciens, tant anciens que modernes : le tout à quatre parties, en quatre volumes.
=DGM  \\$a004263634$bCatBridge variable field
=DRT  \\$aDCW
=SRC  \\$aDCW$bDCW_20171218
=OHC  \\$a1
=LAS  \\$a1805-0738$b00$c20190111$lBLL01$h1828

