=LDR  09361 cm a2200769 a 4500
=001  018650156
=003  Uk
=005  20171219020018.0
=007  cr\mn\024mpada
=008  930318s1528\\\\fr\||z\\s\\\\\\\\\\\lat\\
=FMT  \\$a  MU
=019  d\$adg16070001
=040  \\$aUk$beng$cUk
=041  \\$alat$glat
=042  \\$aukblsr
=082  14$a780$215
=130  0\$aContrapunctus (Lyons, 1528)
=245  10$aContrapunctus, seu, Figurata musica super plano cantu missarum solennium totius anni /$c[compiled by Bernardus Guarnerus].
=246  30$aFigurata musica super plano cantu missarum solennium totius anni
=264  \1$a[Lugduni] :$bVenundantur Lugduni in edibus Stephani guaynard, prope diuam virginem Mariam de Confort,$cab Anno Domini MCCCCCXXVIII [1528] mente Augusto.
=300  \\$a1 choir book ([81] leaves) ;$c44 cm (folio)
=336  \\$anotated music$2rdacontent
=337  \\$acomputer$2rdamedia
=338  \\$aonline$2rdacarrier
=340  \\$mfolio$2rdabf
=500  \\$aCollection of four part (SATB) polyphonic settings of the chants belonging to the Proper of the Mass, plus five antiphons and motets.
=500  \\$aCopy at K.9.a.23. 78 leaves; original foliation: [1-2] 3-78 f.; paper dimensions: 424 x 284 mm.$5Uk
=500  \\$aCopy at K.9.a.23. Digitised score at http://purl.org/rism/BI/1528/1.$5Uk
=500  \\$aDavid Sutherland argues that the mass cycle may be the work of a single author becuase of the recurring elements within the whole cycle: repeated complete movements, adaptions of sections of movements, inividual motifs and cadences (David A. Sutherland, The Lyons Contrapunctus (1528) (Madison, Wisc: A-R Editions.1976), pp.xi-xiii).
=500  \\$aIndex at the end.
=500  \\$aMasses are arranged in chronological order spanning the whole liturgical year. Some movements are repeated in other masses, but not reprinted. The last three items are motets.
=500  \\$aMostly anonymous works; last 3 works by Francasco de Layolle.
=500  \\$aThe Tenor part (or sometimes an alternative part if it has the chant) is given in plainchant notation; the other voices are in mensural notation.
=500  \\$aTranscribed title page: CONTRA- / PVNCTVS SEV / FIGVRATA MVSICA SVPER / PLANO CANTV MISSARVM / SOLENNIVM TOTIVS ANNI / Cum Priuilegio Regio per quinque[n]niu[m] / ab Anno Domini. M. CCCCCXXVIII. / mente Augusto. / Uenundantur Lugduni in edibus Stephani guaynard / prope diuam virginem Mariam de Confort.
=500  \\$aWith dedications in Latin from Bernardus Guarnerus and Guillelmi Goberti to "Bernardo Altovitae Patricio Florentino S P D", possibly Bernardo Pisano.
=505  0\$aAn[tiphon]a Asperges. Per totam annum (Asperges me domine) -- De nativitate d[omi[n]i. Ad missam Introitus (Puer natus est) -- De nativitate d[omi[n]i. Ad missam Responsorium. (Viderunt omnes; Justitiam; Alleluia; Super omnem terram) -- De nativitate Domini. Ad Missam Offertorium. (Tui sunt celi) -- De nativitate Domini. Ad Missam Communio (Viderunt Omnes) -- De Sancto Stephano. Ad missam Introitus (Et enim sederunt principes) -- De Sancto Stephano. Ad Missam Responsorium (Sederunt Principes; Propter misericordia[m]; Alleluia; Virtutis dei) -- De Sancto Stephano. Ad Missam Offertorium (Elegerunt Apostoli Stephanum) -- De Sancto Stephano. Ad Missam Communio (Video celos apertos Et Jhesum) -- De sancto Johanne evange. Ad missam Introitus (In medio ecclesie Aperuit) -- Ad missam Responsorium (Exiit sermo inter fratres; Donec veniam; Alleluia; Testimonium eius) -- De sancto Johanne evange. Ad missam Offertorium (Justa ut palma) -- De sancto Johanne evange. Ad missam Communio (Exiit sermo inter fratres) -- De epyphania Domini. Ad missam Introitus (Ecce advenit Dominator dominus) -- De epyphania Domini. Ad missam Responsorium (Omnes de saba; Super te orat est) -- De epyphania Domini. Ad missam Alleluia (Alleluia; Adorare dominum) -- De epyphania Domini. Ad missam Offertorium (Reges tarsis [et] insule) -- De epyphania Domini. Ad missam Communio (Vidimus stellam eius) -- De purificatione. B. Marie. Ad missam Introitus (Suscepimus deus Misericordiam) -- De purificatione. B. Marie. Ad missam Responsorium (Suscepimus deus Misericordiam; Sancto eius) -- De purificatione. B. Marie. Ad missam Alleluia (Alleluia; Pro nobis) --
=505  0\$aDe purificatione. B. Marie. Ad missam Offertorium (Diffusa est Gratia in labiis) -- De purificatione. B. Marie. Ad missam Communio (Responsum accepit Simeon) -- Dominica in resurrectione. Ad missam Introitus (Resurrexi et adhuc tec[m]) -- In die Resurrectionis d[omi]ni. Ad missam Respo[n]sorium (Hec dies Quam fecit) -- In die Resurrectionis d[omi]ni. Ad missam Alleluia (Alleluia; Et veritatis) -- In die Resurrectionis d[omi]ni. Ad missam Offertorium (Terra tremuit Et quieuit) -- In die Resurrectionis d[omi]ni. Ad missam Communio (Pascha nostrum Immolatus est Christus) -- In die Ascensionis domini. Ad missam Introitus (Viri galilei Quid admiramini) -- In die Ascensionis domini. Ad missam Alleluia (Alleluia; Alleluia; Cor vestrum) -- In die Ascensionis domini. Ad missam Offertorium (Viri galilei Quid admiramini) -- In die Ascensionis domini. Ad missam Communio (Psallite domino Qui asce[n]dit) -- In die sancto Penthecostes. Ad missam Introitus (Spiritus domini Replevit orbe[m]) -- In die sancto Penthecostes. Ad missam Alleluia (Alleluia; Alleluia; Ignem accende) -- In die sancto Penthecostes. Ad missam Offertorium (Confirma hoc deus Quod operatus) -- In die sancto Penthecostes. Ad missam Communio (Factus est repente) -- In die Sancte Trinitatis. Ad missam Introitus (Benedicta sit Sancta trinitas) -- In die Sancte Trinitatis. Ad missam Respo[n]sorium (Benedictus es domine; Misericordiam) -- In die Sancte Trinitatis. Ad missam Alleluia (Alleluia; In secula) -- In die Sancte Trinitatis. Ad missam Offertorium (Benedictus sit Deus) -- In die Sancte Trinitatis. Ad missam Communio (Benedicimus deum celi Et coram omni) -- In festo corporis Christi. Ad missam Introitus (Cibauit eos eos ex adipe frumenti) --
=505  0\$aIn festo corporis Christi. Ad missam Respo[n]sorium (Oculi omnium in te sperant; Benedictione) -- In festo corporis Christi. Ad missam Alleluia (Alleluia; Et ego in eo) -- In festo corporis Christi. Ad missam Offertorium (Sacerdotes domini In sensu[m]) -- In festo corporis Christi. Ad missam Communio (Quotiescun[quae] ma[n]ducabitis Pane[m]) -- De sancto Johanne bapti. Ad missam Introitus (De ventre matris me) -- De sancto Johanne bapti. Ad missam Respo[n]sorium (Priusquam te formarem; Et dixit) -- De sancto Johanne bapti. Ad missam Alleluia (Alleluia; Parare vias eius) -- De sancto Johanne bapti. Ad missam Communio (Tu puer Propheta altissimi) -- In die Assumptionis. B. vir. Ad missam Introitus (Gaudeamus Omnes in domino) -- In die Assumptionis. B. vir. Ad missam Respo[n]sorium (Propter veritatem Et mansuetudine[m]; Speciem tuam) -- In die Assumptionis. B. vir. Ad missam Alleluia (Alleluia; Angelorum) -- In die Assumptionis. B. vir. Ad missam Offertorium (Assumpta est Maria) -- In die Assumptionis. B. vir. Ad missam Communio (Beata viscera Marie virginis) -- In sole[m]nitate omniu[m] s[an]ctorum. Ad missam Respo[n]sorium (Timete dominum Omnes sancti; Omni bono) -- In sole[m]nitate omniu[m] s[an]ctorum. Ad missam Alleluia (Alleluia; In eternum) -- In sole[m]nitate omniu[m] s[an]ctorum. Ad missam Offertorium (Justorum anime In manu dei) -- In sole[m]nitate omniu[m] s[an]ctorum. Ad missam Communio (Beati mundo corde) -- Ad aqua[m] Benedicta[m] An[tiphon]a. Tempore Paschali (Vidi aqua[m] Egrediente[m] de te[m]plo) -- Ad beata[m] Maria[m] vir. An[tiphon]a (Salve virgo singularis) / F. de Layolle -- Pia ad Deu[m] precatio (Media vita in morte) / F. de Layolle -- Canon Tres in unum sub unisono (Ave Maria gratia plena) / Laiole.
=510  3\$aDavid A. Sutherland, The Lyons Contrapunctus (1528) (Madison, Wisc: A-R Editions, 1976).
=510  4\$aRISM B/I,$c1528 ¹
=546  \\$aLatin words.
=650  \0$aAntiphons (Music)
=650  \0$aMasses.
=650  \0$aMotets.
=700  1\$aGarnier, Bernard,$dactive 16th century,$ecompiler.
=700  1\$aGobert, Guillaume,$eother.
=700  1\$aGueynard, Etienne,$dapproximately 1460-1529 or 1530,$eprinter.
=700  1\$aLayolle, Francesco de,$d1492-approximately 1540,$ecomposer.
=700  1\$aPisano, Bernardo,$d1490-1548,$ededicatee.
=710  2\$aEtienne Gueynard (Firm),$eprinter.
=752  \\$aFrance$aLyon.$2lcsh/naf
=856  41$uhttp://purl.org/rism/BI/1528/1$yDigitised score
=859  \\$aXLD$bDCW
=852  4\$cDRT$jDigital Store K.9.a.23.$aBritish Library$bMUSIC
=985  \\$aRecord amended for WR# 13/070
=985  \\$aname title to add; name headings for printers need work
=985  \\$aCorrected by MS generated file for WR# 1805-0738
=CAT  \\$aBATCH-DCW$b00$c20171219$lBLL01$h0200
=CAT  \\$a1805-0738$c20190111$lBLL01$h1808
=CAT  \\$a1805-0738$b00$c20190111$lBLL01$h1828
=FIN  \\$aY$d20171219
=LKR  \\$aPAR$lBLL01$r776$b004379925$mContrapunctus, seu, Figurata musica super plano cantu missarum solennium totius anni /$nContrapunctus, seu, Figurata musica super plano cantu missarum solennium totius anni /
=DGM  \\$a004379925$bCatBridge variable field
=DRT  \\$aDCW
=SRC  \\$aDCW$bDCW_20171218
=OHC  \\$a1
=LAS  \\$a1805-0738$b00$c20190111$lBLL01$h1828

