=LDR  03931 cm a22007337  4500
=001  018650157
=003  Uk
=005  20171219020018.0
=007  cr\mn\024mpada
=008  930323s1516\\\\it\||z\\s\\\\\\\\\\\lat\\
=FMT  \\$a  MU
=019  d\$aek11010002
=040  \\$aUk$beng$cUk
=041  \\$alat
=042  \\$aukblsr
=082  14$a780$215
=130  0\$aMasses.$kSelections
=245  10$aLiber quindecim missarum electarum /$cquae per excellentissimos musicos compositae fuerunt.
=264  \1$aRome :$b[Pro] Andream Antiquu [m] de Mo [n] tona Socioru [m] sumptibus,$c1516.
=300  \\$a1 choir book ;$c45 x 31 cm (folio)
=336  \\$anotated music$2rdacontent
=337  \\$acomputer$2rdamedia
=338  \\$aonline$2rdacarrier
=340  \\$mfolio$2rdabf
=500  \\$aCollection of masses in four parts (SATB).
=500  \\$aCopy at K.9.a.12. 162 leaves: [I-II] III -CLXI [CLXII] f.; paper dimensions: 423 x 276 mm.$5Uk
=500  \\$aCopy at K.9.a.12. Digitised score at http://purl.org/rism/BI/1516/1.$5Uk
=500  \\$aLarge, pictorial initials mark the beginning of each mass.
=500  \\$aOn fol.CLVIIr (the Kyrie of Brumel's Missa pro defunctis) the heading 'P. de la rue O salutaris hos' appears to have been added in error.
=500  \\$aTitle page engraving depicts a kneeling man (Antico) presenting a music book to the Pope. The words on the book read 'Vivat Leo Decim[us] Pontifex Max.'
=500  \\$aTranscribed title page: LIBER QVINDECIM MISSARVM ELECTAR / VM QVAE PER EXCEL / LENTISSIMOS MVSICOS / COMPOSITAE FVERVNT.
=500  \\$aTranscriptions of titles and authors taken from the contents page which has the fullest forms (with the exception of the Kyrie).
=500  \\$aWith table of contents and, at end, a copy of the privilege granted to Andeas Antico by Pope Leo X to print music 'in magno volumine' for ten years.
=505  0\$aMissa de beata virgine / Brumel -- Missa de Ave Maria / Pierre de la Rue -- Missa Alma Redemptoris / Jo. Mouton -- Missa Mente tota / Fevim -- Missa Lhomme arme / Pippelare (Pipe.la.re in the heading of the mass) -- Missa de Feria / Fevim -- Missa dittes moy touttes voz pensees / Jo. Mouton -- Missa de Ave Maria / Fevim -- Missa faisant Regretz / Josquin -- Missa de Beata virgine / Josquin -- Missa ad fugam / Josquin -- Missa Baysez moy / Petrus Roselli -- Missa A lombre dung buyssonet / Brumel -- Missa O salutaris ostia / Pierre de la Rue -- Missa pro defunctis / Brumel.
=510  4\$aRISM B/I,$c1516 ¹
=546  \\$aLatin words.
=650  \0$aMasses.
=700  0\$aJosquin,$cdes Prez,$d-1521,$ecomposer.
=700  0\$aLeo$bX,$cPope,$d1475-1521,$ededicatee.
=700  1\$aAntico, Andrea,$dactive 1517,$eprinter.
=700  1\$aBrumel, Antoine,$dapproximately 1460-approximately 1515,$ecomposer.
=700  1\$aFévin, Antoine de,$ecomposer.
=700  1\$aLa Rue, Pierre de,$d-1518,$ecomposer.
=700  1\$aMouton, Jean,$d-1522,$ecomposer.
=700  1\$aPipelare, Matthaeus,$dapproximately 1450-approximately 1515,$ecomposer.
=700  1\$aRoselli, Pietro,$ecomposer.
=752  \\$aItaly$dRome.$2lcsh/naf
=856  41$uhttp://purl.org/rism/BI/1516/1$yDigitised score
=859  \\$aXLD$bDCW
=852  4\$cDRT$jDigital Store K.9.a.12$aBritish Library$bMUSIC
=985  \\$aEarly Music Online project
=985  \\$aRecord amended for WR# 13/070
=985  \\$aname title to add
=985  \\$aCorrected by MS generated file for WR# 1805-0738
=CAT  \\$aBATCH-DCW$b00$c20171219$lBLL01$h0200
=CAT  \\$a1805-0738$c20190111$lBLL01$h1808
=CAT  \\$a1805-0738$b00$c20190111$lBLL01$h1828
=FIN  \\$aY$d20171219
=LKR  \\$aPAR$lBLL01$r776$b004513662$mLiber quindecim missarum electarum /$nLiber quindecim missarum electarum /
=DGM  \\$a004513662$bCatBridge variable field
=DRT  \\$aDCW
=SRC  \\$aDCW$bDCW_20171218
=OHC  \\$a1
=LAS  \\$a1805-0738$b00$c20190111$lBLL01$h1828

