=LDR  04448 cm a22006737  4500
=001  018650158
=003  Uk
=005  20171219020018.0
=007  cr\mn\024mpada
=008  930323|uuuu\\\\fr\||z\\s\\\\\\\\\\\lat\\
=FMT  \\$a  MU
=019  d\$afa13160014
=040  \\$aUk$beng$cUk
=041  \\$alat
=042  \\$aukblsr
=082  14$a780$215
=100  1\$aMorales, Cristóbal de,$dapproximately 1500-1553.
=245  10$aMariae cantica vulgo magnificat dictâ :$bpsalmata octo tetraphona /$cper Christophorum Moralem, aliosqué musicos. Adiecta tonorum octo singulorum symphona isometra cantus, per quatuor voces harmonia, ad psalmum quemlibet accommodabili.
=264  \1$aImpressum Lugduni :$bper Jacobum Modernum,$c1550.
=300  \\$a1 choir book ;$c38 x 27 cm (folio)
=336  \\$anotated music$2rdacontent
=337  \\$acomputer$2rdamedia
=338  \\$aonline$2rdacarrier
=340  \\$mfolio$2rdabf
=500  \\$aCollection of magnificats, largely in four parts (SATB).
=500  \\$aColophon: Impressum Lugduni per Iacobum / Modernum Anno / Salutis. / MDL / IABOBVS MODERNVS [in woodcut] / Cum gratia & preuilegio.
=500  \\$aContents probably copied from Sco 1542/9 or Rhau 1544/1 - it has the first 7 and the 9th Magnificats; the 'isometra symphona' is newly added.
=500  \\$aCopy at K.9.a.10. 34 leaves; original foliation: [1] 2-31 [32-34] f.; paper dimensions: 370 x 265 mm; the copy is so closely cropped that signature numbers at the bottom and titles and folio numbers at the top are often lost.$5Uk
=500  \\$aCopy at K.9.a.10. Digitised score at http://purl.org/rism/BI/1550/4.$5Uk
=500  \\$aThe pieces are magnificats on each of the eight tones. The Isometron gives the first verse of the magnificat in each of the eight tones. The Primi Toni Magnificat contains a 'Canon in subdyathessaron', Secondi Toni Magnificat contains a 'Canon in Diapazon'. The Tertij Toni Magnificat's 'Sicut erat in principio' is in six parts with a 'Canon Tu me Sequere in subdyapente'. The Sexti Toni Magnificat's 'Sicut erat in principio' is in six parts. The Septimus Toni Magnificat's 'Sicut erat in principio' has a 'Canon in subdiathessaron' in a cantus secundus part. The 'Sicut erat in principio' of the Octavi Toni Magnificat is a 'Canon in diapenthe'.
=500  \\$aTranscribed title page: MARIAE / CANTICA VVLGO / MAGNIFICAT dictâ: / Psalmata octo tetraphona,per / Christophorum Moralem, / aliosqué Musicos. / ADIECTA TONORVM OCTO / singulorum Symphona isometra cantus,per quatuor / voces Harmonia,ad Psalmum quemlibet / accommodabili. / Impressum LVGDVNI Per Iacobum Modernum/ Mil. D. L.
=500  \\$aWith index.
=500  \\$aWoodcut of the visitation on the verso of the first leaf.
=505  0\$aPrimi Toni / Morales -- Secundi Toni / Morales -- Tertij Toni / Jacquet -- Quarti Toni / Morales -- Quinti Toni / Richafort -- Sexti Toni / Morales -- Septimi Toni / Morales -- Octavi Toni / Jacquet - Isometron / [Anon] [in the index: Isometra symphona ad psalmum quemlibet accommodabilis].
=510  4\$aRISM B/I,$c1550 ⁴
=510  4\$aSamuel .F. Pogue, Jacques Moderne, Lyons Music Printer of the Sixteenth Century (Geneva: Librairie Droz, 1969),$cpp.200-201.
=546  \\$aLatin words.
=650  \0$aChoruses, Sacred (Mixed voices, 4 parts)
=650  \0$aMagnificat (Music)
=700  0\$aJacquet,$cof Mantua,$d1483-1559,$ecomposer.
=700  1\$aModerne, Jacques,$dactive 1523-1544,$eprinter.
=700  1\$aRichafort, Jean,$dactive 1507-1548,$ecomposer.
=752  \\$aFrance$dLyon.$2lcsh/naf
=856  41$uhttp://purl.org/rism/BI/1550/4$yDigitised score
=859  \\$aXLD$bDCW
=852  4\$cDRT$jDigital Store K.9.a.10.$aBritish Library$bMUSIC
=985  \\$aRecord amended for WR# 13/070
=985  \\$aname title to add
=985  \\$aCorrected by MS generated file for WR# 1805-0738
=CAT  \\$aBATCH-DCW$b00$c20171219$lBLL01$h0200
=CAT  \\$a1805-0738$c20190111$lBLL01$h1808
=CAT  \\$a1805-0738$b00$c20190111$lBLL01$h1828
=FIN  \\$aY$d20171219
=LKR  \\$aPAR$lBLL01$r776$b004535150$mMariae cantica vulgo magnificat dictâ : psalmata octo tetraphona /$nMariae cantica vulgo magnificat dictâ : psalmata octo tetraphona /
=DGM  \\$a004535150$bCatBridge variable field
=DRT  \\$aDCW
=SRC  \\$aDCW$bDCW_20171218
=OHC  \\$a1
=LAS  \\$a1805-0738$b00$c20190111$lBLL01$h1828

