=LDR  05715 cm a2200841 a 4500
=001  018650159
=003  Uk
=005  20171219020018.0
=007  cr\mn\024mpada
=008  930323s1562\\\\it\||z\\s\\\\\\\\\\\lat\\
=FMT  \\$a  MU
=019  d\$afa13160016
=040  \\$aUk$beng$cUk
=042  \\$aukblsr
=082  14$a780$215
=245  00$aMagnificat omnitonum cum quatuor vocibus /$cChristophori Moralis Hispani aliorumq[ue] excellentium virorum in amplissima hac forma caractereq[ue] perspicuo pro divini cultus decore atq[ue] commodo. Summa nuper diligentia impressum in lucem prodit.
=264  \1$aVenetijs :$bapud Antonium Gardanum,$cMDLXII [1562]
=300  \\$a1 choir book (64 leaves) ;$c39 cm (folio)
=336  \\$anotated music$2rdacontent
=337  \\$acomputer$2rdamedia
=338  \\$aonline$2rdacarrier
=340  \\$mfolio$2rdabf
=500  \\$a'Magnificat quinti toni' attributed in this publication to Jean Richafort has probable attribution to Antonius Divitis in Grove.
=500  \\$aCollection of magnificats for 6 voices.
=500  \\$aCopy at K.9.a.11. Choirbook (64 leaves); original foliation: i-lxiiii; number 'i' is written in the verso of the first folio; paper dimensions: 378 x 268 mm.$5Uk
=500  \\$aCopy at K.9.a.11. Digitised score at http://purl.org/rism/BI/1562/1.$5Uk
=500  \\$aTranscribed title page: MAGNIFICAT / OMNITONVM CVM QVATVOR / VOCIBUS. / Christophori Moralis Hispani / Aliorumq[ue], Excellentium Virorum in Amplissima hac forma / Caractereq[ue], perspicuo pro Diuini Cultus Decore / atq[ue] Commodo. Summa nuper Diligentia / impressum in lucem prodit. / Venetiis apud Antonium Gardanum. / M. D. lxii.
=500  \\$aWith table of contents.
=505  0\$aPrimi toni, Anima mea / Morales -- Secundi toni, Anima mea / Morales -- Tertii toni, Anima mea / Morales -- Quarti toni, Anima mea / Morales -- Quniti toni, Anima mea / Morales -- Sexti toni, Anima mea / Morales -- Septimi toni, Anima mea / Morales -- Octavi toni, Anima mea / Morales -- Primi toni, Et exultavit / Morales -- Secundi toni, Et exultavit / Morales -- Tertii toni, Et exultavit / Morales -- Quarti toni, Et exultavit / Morales -- Quinti toni, Et exultavit / Morales -- Sexti toni, Et exultavit / Morales -- Septimi toni, Et exultavit / Morales -- Octavi toni, Et exultavit / Morales -- Primi toni, Et exultavit / Carpentras -- Quarti toni, Et exultavit / Jachet -- Quinti toni, Et exultavit / Richafort -- Octavi toni, Et exultavit / Carpentras.
=510  4\$aJ. Bernstein: Music printing in renaissance Venice: the Scotto Press, 1539-72 (New York, 1998),$cno. 27
=510  4\$aM.S. Lewis: Antonio Gardano, Venetian music printer 1538-1569: a descriptive bibliography and historical study (New York, 1988-97),$cno. 69
=510  4\$aRISM B/I,$c1562 ¹
=546  \\$aLatin words.
=650  \0$aMagnificat (Music)
=700  02$aCarpentras,$dapproximately 1470-1548.$tMagnificats,$nno. 12.
=700  02$aCarpentras,$dapproximately 1470-1548.$tMagnificats,$nno. 13.
=700  02$aJacquet,$cof Mantua,$d1483-1559.$tMagnificat quarti toni$n(1562)
=700  1\$aGardane, Antonio,$d1509-1569,$eprinter.
=700  12$aDivitis, Antonius,$dapproximately 1475-$tMagnificat quinti toni.
=700  12$aMorales, Cristóbal de,$dapproximately 1500-1553.$tMagnificats,$nno. 1.
=700  12$aMorales, Cristóbal de,$dapproximately 1500-1553.$tMagnificats,$nno. 10.
=700  12$aMorales, Cristóbal de,$dapproximately 1500-1553.$tMagnificats,$nno. 11.
=700  12$aMorales, Cristóbal de,$dapproximately 1500-1553.$tMagnificats,$nno. 12.
=700  12$aMorales, Cristóbal de,$dapproximately 1500-1553.$tMagnificats,$nno. 13.
=700  12$aMorales, Cristóbal de,$dapproximately 1500-1553.$tMagnificats,$nno. 14.
=700  12$aMorales, Cristóbal de,$dapproximately 1500-1553.$tMagnificats,$nno. 15.
=700  12$aMorales, Cristóbal de,$dapproximately 1500-1553.$tMagnificats,$nno. 16.
=700  12$aMorales, Cristóbal de,$dapproximately 1500-1553.$tMagnificats,$nno. 2.
=700  12$aMorales, Cristóbal de,$dapproximately 1500-1553.$tMagnificats,$nno. 3.
=700  12$aMorales, Cristóbal de,$dapproximately 1500-1553.$tMagnificats,$nno. 4.
=700  12$aMorales, Cristóbal de,$dapproximately 1500-1553.$tMagnificats,$nno. 5.
=700  12$aMorales, Cristóbal de,$dapproximately 1500-1553.$tMagnificats,$nno. 6.
=700  12$aMorales, Cristóbal de,$dapproximately 1500-1553.$tMagnificats,$nno. 7.
=700  12$aMorales, Cristóbal de,$dapproximately 1500-1553.$tMagnificats,$nno. 8.
=700  12$aMorales, Cristóbal de,$dapproximately 1500-1553.$tMagnificats,$nno. 9.
=710  2\$aGardane (Firm),$eprinter.
=752  \\$aItaly$dVenice.$2lcsh/naf
=856  41$uhttp://purl.org/rism/BI/1562/1$yDigitised score
=859  \\$aXLD$bDCW
=852  4\$cDRT$jDigital Store K.9.a.11.$aBritish Library$bMUSIC
=985  \\$aCarpentras Magnificat primi toni is no. 13 in CMM 58 (there are 2 others); Carpentras Magnificat octavi toni is no. 12 in CMM 58 (there is one other); Magnificat quinti toni probably by Divitis not Richafort
=985  \\$aRecord amended for WR# 13/070
=985  \\$aCorrected by MS generated file for WR# 1805-0738
=CAT  \\$aBATCH-DCW$b00$c20171219$lBLL01$h0200
=CAT  \\$a1805-0738$c20190111$lBLL01$h1808
=CAT  \\$a1805-0738$b00$c20190111$lBLL01$h1828
=FIN  \\$aY$d20171219
=LKR  \\$aPAR$lBLL01$r776$b004535152$mMagnificat omnitonum cum quatuor vocibus /$nMagnificat omnitonum cum quatuor vocibus /
=DGM  \\$a004535152$bCatBridge variable field
=DRT  \\$aDCW
=SRC  \\$aDCW$bDCW_20171218
=OHC  \\$a1
=LAS  \\$a1805-0738$b00$c20190111$lBLL01$h1828

