=LDR  06334 cm a22007697  4500
=001  018650160
=003  Uk
=005  20171219020018.0
=007  cr\mn\024mpada
=008  930323s1546\\\\be\||z\\s\\\\\\\\\\\lat\\
=FMT  \\$a  MU
=019  d\$afa20780022
=040  \\$aUk$beng$cUk
=041  \\$alat$glat
=042  \\$aukblsr
=082  14$a780$215
=130  0\$aSacrarum cantionum,$nliber 1
=245  10$aLiber primus sacrarum cantionum, quinque vocum, vulgo moteta vocant, ex optimis quibusq[ue] huius aetatis musicis selectaru[m].
=264  \1$aAntuerpiae :$bApud Tilemannum Susato,$c1546.
=300  \\$a5 part books (1 v) ;$c26 x 20 cm (4º)
=336  \\$anotated music$2rdacontent
=337  \\$acomputer$2rdamedia
=338  \\$aonline$2rdacarrier
=340  \\$m4to$2rdabf
=500  \\$a'Ite in orbem' is acribed to Petrus de Manchicourt in the index of all part books. In the superius part book the music carries ascriptions to Clemens non Papa (left-hand page) and Petrus de Manchicourt (right-hand page). The Contratenor, tenor, bassus and quinta pars have 'Clemens non papa' above the music.
=500  \\$aCollection of motets in five parts.
=500  \\$aCopy at K.8.k.1.(1.). Digitised score at http://purl.org/rism/BI/1546/6.$5Uk
=500  \\$aCopy at K.8.k.1.(1.). SVPERIVS (16 leaves), CONTRA TENOR (16 leaves), TENOR (16 leaves), BASSVS (16 leaves), QVINTA PARS (16 leaves); Superius, contratenor, tenor, bassus, quinta pars: [1] ii- xvi f.; paper dimensions: 241 x 175 mm; the tenor part of 'O stupor et gaudium', 'Non conturbetur', 'Verbum iniquu[m]', 'Adiuva nos deus' and 'Domine ne memineris' (fols. ix-xii) have been interchanged with 'Eravi sicut ovis', 'Quis dabit capiti meo aquam?', 'Ave Regina coelorum', and the prima pars of 'Congratulamini mihi omnes' (fols.ix-xii) in the fourth Sacrum Cantionem book.$5Uk
=500  \\$aTranscribed title page from superius part book: LIBER PRIMVS / Sacrarum Cantionum, / QVINQVE VOCVM, Vulgo Moteta Vocant, ex / optimis quibus[que] huius / aetatis musicis / Selectaru[m]. / SVPERIVS. ANTVERPIAE APVD / Tilemannum Susato. Anno / M. D. XLVI. / Cum Caes. Priuilegio.
=500  \\$aWith a dedication (tenor part book only) to the Council of Antwerp in Latin.
=500  \\$aWith index on the verso of the title page in each part.
=505  0\$aSalve quae roseo decora serto (secunda pars: Hunc tibi ille pater pote[n]s olympi) / Tilemannus. Susato -- Tulerunt dominum meum (secunda pars: Et dum ergo fleret) / Cadeac -- In illo tempore (secunda pars: Nondum enim in quempiam illorum) / Tilemannus Susato -- Amen dico vobis (secunda pars: Qui manducat meam carnem) [in contra tenor part book:] De venerabili Sacramento / Jo. Castileti -- Ite in orbem universum (secunda pars: Signa eos qui in me credent) [in contratenor part book:] In Christi ascensione / Petrus de manchicourt [or] Clemens non papa -- Emitte domine sapientia[m] de sede (secunda pars: Da mihi domine sedium tuarum) / Incerti auctori -- Super flumina babilonis (secunda pars: Ad hereat lingua mea faucibus meis) / Benedictus -- O stupor & gaudium (secunda pars: Te igitur obsecramus) [Headed:] In Christi nativitate / Incertus author - Non co[n]turbetur cor vestrum (secunda pars: Ite in orbem universum) / Incertus author -- Verbum iniquu[m] & dolosum (secunda pars: Duo rogavi te ne deneges) / Incertus author -- Adiuva nos deus / Thomas Crecquillo[n] -- Domine ne memineris (secunda pars: Adiuva nos deus salutaris noster) / Incertos author -- Valde honorandus est beatus Joannes (secunda pars: Mulier ecce filius tuus) [Headed:] De S. Joanne Evangelista / Jo. Gallus -- Ne proijcias me in tempore senectutis (Secunda pars: Annos aeternos in mente habeam) [Headed:] Pro foelici senecta / Lupus Hellinc -- Ego sum qui sum & consilium meum (secunda pars: Stetit Jhesus in medio discipulorum suorum) / Incerti auctoris -- Maria magdalenae & altera Maria (secunda pars: Cito cuntes dicite discipulis) [Headed:] In Christi resurrectione[m] / Clemens non papa.
=510  4\$aJohn Milsom, 'The Nonsuch Music Library', in Chris Banks, Arthur Searle and Malcolm Turner (eds.), Sundry Sorts of Music Books: Essays on The British Library Collections, Presented to O. W. Neighbour on his 70th Birthday (London, 1993), 146-82,$cno. 9.
=510  4\$aRISM B/I,$c1546 ⁶
=510  4\$aU. Meissner, Der Antwerpener Notendrucker Tylman Susato (Berlin: Verlag Merseburger, 1967), Vol. 2,$cpp. 55-57.
=546  \\$aLatin words.
=650  \0$aMotets
=700  1\$aAppenzeller, Benedictus,$dactive 16th century,$ecomposer.
=700  1\$aArundel, Henry Fitz Alan,$cEarl of,$d1512-1580,$eformer owner.$5Uk.
=700  1\$aCadéac, Pierre,$ecomposer.
=700  1\$aClemens non Papa, Jacobus,$dapproximately 1510-approximately 1555,$ecomposer.
=700  1\$aCrecquillon, Thomas,$d-1557?,$ecomposer.
=700  1\$aGallus, Joannes,$dactive 16th century,$ecomposer.
=700  1\$aGuyot, Jean,$d-1588,$ecomposer.
=700  1\$aHellinck, Lupus,$d-1541,$ecomposer.
=700  1\$aLumley, John Lumley,$cBaron,$d1534?-1609,$eformer owner.$5Uk.
=700  1\$aManchicourt, Pierre de,$dapproximately 1510-1564,$ecomposer.
=700  1\$aSusato, Tielman,$dactive 1529-1561,$eprinter and composer.
=752  \\$aBelgium$dAntwerp.$2lcsh/naf
=856  41$uhttp://purl.org/rism/BI/1546/6$yDigitised score
=859  \\$aXLD$bDCW
=852  4\$cDRT$jDigital Store K.8.k.1.(1.)$aBritish Library$bMUSIC
=985  \\$aEarly Music Online project
=985  \\$aRecord amended for WR# 13/070
=985  \\$aname title to add
=985  \\$aCorrected by MS generated file for WR# 1805-0738
=CAT  \\$aBATCH-DCW$b00$c20171219$lBLL01$h0200
=CAT  \\$a1805-0738$c20190111$lBLL01$h1808
=CAT  \\$a1805-0738$b00$c20190111$lBLL01$h1828
=CAT  \\$aBATCH-UPD$b00$c20190818$lBLL01$h2055
=FIN  \\$aY$d20171219
=LKR  \\$aPAR$lBLL01$r776$b004538638$mLiber primus sacrarum cantionum, quinque vocum, vulgo moteta vocant, ex optimis quibusq[ue] huius aetatis musicis selectaru[m].$nLiber primus sacrarum cantionum, quinque vocum, vulgo moteta vocant, ex optimis quibusq[ue] huius aetatis musicis selectaru[m].
=DGM  \\$a004538638$bCatBridge variable field
=DRT  \\$aDCW
=SRC  \\$aDCW$bDCW_20171218
=OHC  \\$a1
=LAS  \\$aBATCH-UPD$b00$c20190818$lBLL01$h2055

