=LDR  06135 cm a22007937  4500
=001  018650161
=003  Uk
=005  20171219020018.0
=007  cr\mn\024mpada
=008  930323s1546\\\\be\||z\\s\\\\\\\\\\\lat\\
=FMT  \\$a  MU
=019  d\$afa20780023
=040  \\$aUk$beng$cUk
=041  \\$alat$glat
=042  \\$aukblsr
=082  14$a780$215
=130  0\$aSacrarum cantionum,$nliber 2
=245  10$aLiber secundus sacrarum cantionum, quinque vocum, vulgo moteta vocant, ex optimis quibusq[ue] huius aetatis musicis selectaru[m].
=264  \1$aAntuerpiae :$bApud Tilemannum Susato,$c1546.
=300  \\$a5 part books (1 v) ;$c26 x 20 cm (4º)
=336  \\$anotated music$2rdacontent
=337  \\$acomputer$2rdamedia
=338  \\$aonline$2rdacarrier
=340  \\$m4to$2rdabf
=500  \\$a'Tu es Petrus' contains a canon (marked in the quinta pars part book).
=500  \\$aCollection of motets in five parts.
=500  \\$aCopy at K.8.k.1.(2.). Digitised score at http://purl.org/rism/BI/1546/7.$5Uk
=500  \\$aCopy at K.8.k.1.(2.). SVPERIVS (16 leaves), CONTRA TENOR (16 leaves), TENOR (16 leaves), BASSVS (16 leaves), QVINTA PARS (16 leaves); Superius, contratenor, tenor, bassus, quinta pars: [1], ii-xvi f.; paper dimensions: 241 x 175 mm.$5Uk
=500  \\$aIn the superius part book, the secunda pars to 'O Veneranda martrum' by Lupus Hellink ('Despecta na[m][que] praesentis uitae luce') is printed on the final page. The ascription to 'Lupus Hellinc' on left hand page (fol.iiv) in superius part book is also incorrect (as shown by the index and other part books).
=500  \\$aTranscribed title page from superius part book: LIBER SECVNDVS / Sacrarum Cantionum, / QVINQVE VOCVM, / Vulgo Moteta Vocant, ex / optimis quibus[que] huius / aetatis musicis / Selectaru[m], / SVPERIVS. / ANTVERPIAE APVD / Tilemannum Susato. Anno / M.D. XLVI. / Cum Caes. Priuilegio.
=500  \\$aWith index at the front.
=505  0\$aBeata es Maria (secunda pars: Aue Maria gratia plena) / Ioannes Lupi -- Quam pulchra es amica mea / Benedictus -- Pontificum sublime decus (secunda pars: Seruite puerum demersit liuor iniqui) / Lupus Hellinc -- Surge propera amica mea (secunda pars: Hodie nata est uirgo Maria) / Incertus author -- Quem dicu[n]t hominess / Cor. Canis -- Resurrectio Christi uictoria nostra (secunda pars: Adueniens ita[que] uerus melchisedech Christus) [Headed:] In Christo natiuitate (secunda pars headed: De Resurrectione Christi) / Nicolaus Payenus -- Pater peccaui in coelum (secunda pars: Quanti mercenarij in domo patris) [Headed:] De filio prodigo / Pe. de manchicourt -- Domine no[n] est exaltatum cor meum (secunda pars: Sicut ablactatus est super matre sua) / Clemens non Papa -- Vsquequo domine obliuiscaris (secunda pars: Illumina oculos meos) / Incertus author -- Sicut lilium inter spinas (secunda pars: Gaudete filie Iherusalem) / Incertus author -- O Veneranda martrum gloriosa (secunda pars: Despecta na[m]que praesentis) / Lupus. Hellinc -- Aue byssus castitatis (secunda pars: Quaeso rosa sanitatis) / Thomas. Crecquillo[n] -- Sub tuum presiduum confugimus / Thomas. Cricquillo[n] -- Surgens Ihesus dominus noster (secunda pars: Surrexit dominus de sepulchro) [Headed:] De pascha Domini / Io. Castileti. Alias guyot. -- Tu es petrus & super hanc petram (secunda pars: Quodcum[que] ligaueris super terram) / Moralis -- Tu deus noster suavis & uerus es (secunda pars: Nosse enim te, consummata iusticia est) / Ioannes Lupi -- Verbum caro facum est (secunda pars: In principio erat uerbum; tertia pars: Cuius gloriam uidimus) / Benedictus -- Decipimur uotis tempore fallimur / Incertus author.
=510  4\$aJohn Milsom, 'The Nonsuch Music Library', in Chris Banks, Arthur Searle and Malcolm Turner (eds.), Sundry Sorts of Music Books: Essays on The British Library Collections, Presented to O. W. Neighbour on his 70th Birthday (London, 1993), 146-82,$cno. 9.
=510  4\$aRISM B/I,$c1546 ⁷
=510  4\$aU. Meissner, Der Antwerpener Notendrucker Tylman Susato (Berlin: Verlag Merseburger, 1967), Vol.2,$cpp. 57-59.
=546  \\$aLatin words.
=650  \0$aMotets
=700  1\$aAppenzeller, Benedictus,$dactive 16th century,$ecomposer.
=700  1\$aArundel, Henry Fitz Alan,$cEarl of,$d1512-1580,$eformer owner.$5Uk.
=700  1\$aCanis, Cornelius,$dapproximately 1510-1561,$ecomposer.
=700  1\$aClemens non Papa, Jacobus,$dapproximately 1510-approximately 1555,$ecomposer.
=700  1\$aCrecquillon, Thomas,$d-1557?,$ecomposer.
=700  1\$aGuyot, Jean,$d-1588,$ecomposer.
=700  1\$aHellinck, Lupus,$d-1541,$ecomposer.
=700  1\$aLumley, John Lumley,$cBaron,$d1534?-1609,$eformer owner.$5Uk.
=700  1\$aLupi, Johannes,$d-1539,$ecomposer.
=700  1\$aManchicourt, Pierre de,$dapproximately 1510-1564,$ecomposer.
=700  1\$aMorales, Cristóbal de,$dapproximately 1500-1553,$ecomposer.
=700  1\$aPayen, Nicolas,$dapproximately 1512-approximately 1559,$ecomposer.
=700  1\$aSusato, Tielman,$dactive 1529-1561,$eprinter.
=752  \\$aBelgium$dAntwerp.$2lcsh/naf
=856  41$uhttp://purl.org/rism/BI/1546/7$yDigitised score
=859  \\$aXLD$bDCW
=852  4\$cDRT$jDigital Store K.8.k.1.(2.)$aBritish Library$bMUSIC
=985  \\$aEarly Music Online project
=985  \\$aRecord amended for WR# 13/070
=985  \\$aname title to add
=985  \\$aCorrected by MS generated file for WR# 1805-0738
=CAT  \\$aBATCH-DCW$b00$c20171219$lBLL01$h0200
=CAT  \\$a1805-0738$c20190111$lBLL01$h1808
=CAT  \\$a1805-0738$b00$c20190111$lBLL01$h1828
=CAT  \\$aBATCH-UPD$b00$c20190818$lBLL01$h2055
=FIN  \\$aY$d20171219
=LKR  \\$aPAR$lBLL01$r776$b004538639$mLiber secundus sacrarum cantionum, quinque vocum, vulgo moteta vocant, ex optimis quibusq[ue] huius aetatis musicis selectaru[m].$nLiber secundus sacrarum cantionum, quinque vocum, vulgo moteta vocant, ex optimis quibusq[ue] huius aetatis musicis selectaru[m].
=DGM  \\$a004538639$bCatBridge variable field
=DRT  \\$aDCW
=SRC  \\$aDCW$bDCW_20171218
=OHC  \\$a1
=LAS  \\$aBATCH-UPD$b00$c20190818$lBLL01$h2055

