=LDR  06292 cm a22008297  4500
=001  018650162
=003  Uk
=005  20171219020018.0
=007  cr\mn\024mpada
=008  930323s1547\\\\be\||z\\s\\\\\\\\\\\lat\\
=FMT  \\$a  MU
=019  d\$afa20780024
=040  \\$aUk$beng$cUk
=041  \\$alat
=042  \\$aukblsr
=082  14$a780$215
=130  0\$aSacrarum cantionum,$nliber 3
=245  10$aLiber tertius sacrarum cantionum quatuor vocum, vulgo moteta vocant, ex optimis quibusq[ue] huius aetatis musicis selectaru[m].
=264  \1$aAntuerpiae :$bApud Tilemannum Susato,$c1547.
=300  \\$a5 part books (1 v) ;$c26 x 20 cm (4º)
=336  \\$anotated music$2rdacontent
=337  \\$acomputer$2rdamedia
=338  \\$aonline$2rdacarrier
=340  \\$m4to$2rdabf
=500  \\$aCollection of motets in four parts.
=500  \\$aCopy at K.8.k.1.(3.). Digitised score at http://purl.org/rism/BI/1547/5.$5Uk
=500  \\$aCopy at K.8.k.1.(3.). SVPERIVS (20 leaves), CONTRA TENOR (20 leaves), TENOR (20 leaves), BASSVS (20 leaves); superius, contratenor, bassus: [1] ii-xx f.; tenor: [1], ii, [3], iv-xx f.; paper dimensions: 241 x 175 mm;$5Uk
=500  \\$aThe second part of 'O magnum mysterium' ('Aue Maria gratia plena') is printed under the index in the superius part book.
=500  \\$aTranscribed title page from superius part book: LIBER TERTIVS / Sacrarum Cantionum, / QUATVOR VOCVM, / Vulgo Moteta Vocant, ex / optimis quibus[que] huius / aetatis musicis / Selectaru[m]. / SVPERIVS. / ANTUERPIAE APVD / Tilemannum Susato. Anno / M. D. XLVII. / Cum Caes. Priuilegio.
=500  \\$aWith index printed on the verso of the title page in each part.
=505  0\$aO Rex gloriae (secunda pars: Ne derelinquas orphanos) / Io Castileti -- Laudemus omnes dominum (secunda pars: Hec est mater misericordiae) / Io. Gallus.
=505  0\$aQuid gloriaris in malicia? (Secunda pars: Dilexisti omnia uerba) / Thomas Crequillon -- Non intres in iudicium tuum (secunda pars: Non auertas faciem tua[m] a me) / Incertus author -- Iubilate deo omnis terra (secunda pars: Populus eius & oues pascuae eius) / Anthonius Troianus -- Mane surgens Iacob (secunda pars: Quumque euigilascet Iacob) / Lupus Hellinc -- Ergo ne conticuit uox (secunda pars: Quid facis inuida mors?) [headed:] In Ioannem Okegi. Musicorum principem, Naenia. / Io. Lupi -- Adiutor in opportunitatibus (secunda pars: Adiutor meus & liberator meus) / Roucourt -- Dum deambularet dominus (secunda pars: Vocem tuam audiui) / Thomas Crecquillon -- Verbum caro factum est / Thomas Crecquillon -- Dulcis exuuie dum fata dues / Adrianus VVillart -- Domine Ihesu Christe / Pe. de Manchicourt -- Pater peccaui in coelum (secunda pars: Quanti mercenarij in domo patris) / Clemens non Papa -- Tribulationem nostram quaesumus domine / Petit Ian -- Nunc enim si centum lingue sint (secunda pars: Ne dubitatis letus[que]; tertia pars: Innumeras unus potis es) / Pe. de Manchicourt -- Congratulamini mihi omnes / Clemens non Papa -- Iob tonso capite corruens in terram / Thomas Crecquillo[n] -- Versa est in luctum cijthara mea (secunda pars: Cutis mea denigrata est) / Incertus author -- Ingemuit Susanna & ait (secunda pars: Sed melius est absque opere) / Thomas Crecquillon -- Fili quid fecisti nobis sic (secunda pars: Et ait ad illos ) / TILE. Susato -- Clamantium ad te dues / Petit Ian -- Ecce odor filij mei (secunda pars: Esto dominus fratrum tuorum) / Hesdin O magnum misterium (secunda pars: Aue Maria gratia plena) / Incertus author -- Audiam domine uocis laudis tuae / Incertus author -- Quid gloriaris in malicia (secunda pars: Videbunt iusti & timebunt) / Ioannes Courtois --
=510  4\$aJohn Milsom, 'The Nonsuch Music Library', in Chris Banks, Arthur Searle and Malcolm Turner (eds.), Sundry Sorts of Music Books: Essays on The British Library Collections, Presented to O. W. Neighbour on his 70th Birthday (London, 1993), 146-82,$cno. 9.
=510  4\$aRISM B/I,$c1547 ⁵
=510  4\$aU. Meissner, Der Antwerpener Notendrucker Tylman Susato (Berlin: Verlag Merseburger, 1967), Vol.2,$cpp.59-61.
=546  \\$aLatin words.
=650  \0$aMotets
=700  1\$aArundel, Henry Fitz Alan,$cEarl of,$d1512-1580,$eformer owner.$5Uk.
=700  1\$aClemens non Papa, Jacobus,$dapproximately 1510-approximately 1555,$ecomposer.
=700  1\$aCourtois, Jean,$dactive 1530-1545,$ecomposer.
=700  1\$aCrecquillon, Thomas,$d-1557?,$ecomposer.
=700  1\$aDe Latre, Petit Jean,$dapproximately 1510-1569,$ecomposer.
=700  1\$aGallus, Joannes,$dactive 16th century,$ecomposer.
=700  1\$aGuyot, Jean,$d-1588,$ecomposer.
=700  1\$aHellinck, Lupus,$d-1541,$ecomposer.
=700  1\$aHesdin, Nicolle des Celliers d',$d-1538,$ecomposer.
=700  1\$aLumley, John Lumley,$cBaron,$d1534?-1609.$tformer owner.$5Uk.
=700  1\$aLupi, Johannes,$d-1539,$ecomposer.
=700  1\$aManchicourt, Pierre de,$dapproximately 1510-1564,$ecomposer.
=700  1\$aRocourt, Pierre de,$dactive 1540-1550,$ecomposer.
=700  1\$aSusato, Tielman,$dactive 1529-1561,$eprinter and publisher.
=700  1\$aTrojano, Antonius,$ecomposer.
=700  1\$aWillaert, Adrian,$d1490?-1562,$ecomposer.
=752  \\$aBelgium$dAntwerp.$2lcsh/naf
=856  41$uhttp://purl.org/rism/BI/1547/5$yDigitised score
=859  \\$aXLD$bDCW
=852  4\$cDRT$jDigital Store K.8.k.1.(3.)$aBritish Library$bMUSIC
=985  \\$aEarly Music Online project
=985  \\$aRecord amended for WR# 13/070
=985  \\$aname title to add
=985  \\$aCorrected by MS generated file for WR# 1805-0738
=CAT  \\$aBATCH-DCW$b00$c20171219$lBLL01$h0200
=CAT  \\$a1805-0738$c20190111$lBLL01$h1808
=CAT  \\$a1805-0738$b00$c20190111$lBLL01$h1828
=CAT  \\$aBATCH-UPD$b00$c20190818$lBLL01$h2055
=FIN  \\$aY$d20171219
=LKR  \\$aPAR$lBLL01$r776$b004538640$mLiber tertius sacrarum cantionum quatuor vocum, vulgo moteta vocant, ex optimis quibusq[ue] huius aetatis musicis selectaru[m].$nLiber tertius sacrarum cantionum quatuor vocum, vulgo moteta vocant, ex optimis quibusq[ue] huius aetatis musicis selectaru[m].
=DGM  \\$a004538640$bCatBridge variable field
=DRT  \\$aDCW
=SRC  \\$aDCW$bDCW_20171218
=OHC  \\$a1
=LAS  \\$aBATCH-UPD$b00$c20190818$lBLL01$h2055

