=LDR  06183ccm a22008177  4500
=001  018650163
=003  Uk
=005  20171219020018.0
=007  cr\mn\024mpada
=008  930323s1547\\\\be\||z\\s\\\\\\\\\\\lat\\
=FMT  \\$a  MU
=019  d\$afa20780025
=040  \\$aUk$beng$cUk
=041  \\$alat$glat
=042  \\$aukblsr
=082  14$a780$215
=130  0\$aSacrarum cantionum,$nliber 4
=245  10$aLiber quartus sacrarum cantionum, quatuor vocum, vulgo moteta vocant, ex optimis quibusq[ue] huius aetatis musicis selectaru[m].
=264  \1$aAntuerpiae :$bApud Tilemannum Susato,$c1547.
=300  \\$a5 part books (1 v) ;$c26 x 20 cm (4º)
=336  \\$anotated music$2rdacontent
=337  \\$acomputer$2rdamedia
=338  \\$aonline$2rdacarrier
=340  \\$m4to$2rdabf
=500  \\$a'Incertus author' printed above secunda pars of Cecilia uirgo is presumably an error, as the piece is ascribed on the previous page and the index to Clemens non Papa.
=500  \\$aCollection of motets in four parts.
=500  \\$aCopy at K.8.k.1.(4.). Digitised score at http://purl.org/rism/BI/1547/6.$5Uk
=500  \\$aCopy at K.8.k.1.(4.). SVPERIVS (20 leaves), CONTRA TENOR (20 leaves), TENOR (20 leaves), BASSVS (20 leaves); superius, contratenor, tenor, bassus: [1] ii-xx f.; paper dimensions: 241 x 175 mm.$5Uk
=500  \\$aTranscribed title page from superius part book: LIBER QVARTVS / Sacrarum Cantionum, / QVATVOR VOCVM, Vulgo Moteta Vocant, ex / optimis quibus[que] huius / aeatis musicis / Selectaru[m]. / SVPERIVS. /ANTUERPIAE APVD / Tilemannum Susato. Anno M.D. XLVII. / Cum Caes Priuilegio.
=500  \\$aWith index on the verso of the title page in each part book.
=505  0\$aIuxta est dies domini (secunda pars: In cuius aduentum) / Incertus author -- Dilectus meus descendit in hortum suum (secunda pars: Reuertere dilecte mi) / Petrus de Manchicourt -- Cor mundum crea in me deus (secunda pars: Auerte faciem tuam) / Thomas Crecquillon -- Quae est ista quae ascendit sicut sol (secunda par: Quae est ista quae ascendit per desertum) / Thomas Crecquillon -- Impetum inimicorum ne timueritis / Thomas Crecquillon -- Clama ne cesses / Benedictus -- Gregem tuum pastor aeterne non deferas / Incertos author -- Peccantem me quotidie (secunda pars: Deus in nomine tuo) / Iacobus Clemens non Papa -- Pater peccaui in coelum (secunda pars: Quanti mercenarij in domo patris) / Consilium -- Eraui sicut ouis (secunda pars: Delicta iuuentutis meae) / Thomas Crecquillon -- Quis dabit capiti meo aquam? (secunda pars: Laurus impetu fulminis) / Nicolaus Payenus -- Domine clamaui ad te (secunda pars: Vide humilitatem meam / Clemens non Papa -- Ave Regina coelorum / Benedictus -- Congratulamini mihi omnes (secunda pars: Tulerunt dominum meum) / Incertus author -- Haec est uirgo sapiens (secunda pars: Audi filia & uide) / Nicolaus Geszin -- Iulia dic experta meas uires / Incertus author -- Benedicte dominus / Thomas Crecquillon -- Iubilate deo omnis terra [headed:] Deo gratias / Thoams Crecquillo[n] -- Vide domine afflictionem nostram (secuda pars: Sed ueni domine) / Iaco. Clemens non Papa -- Alleluya Noli flere Maria / Ioannes Mouton -- Cecilia uirgo gloriosa (secunda pars: Biduanis ac triduanis) / Iaco. Clemens non Papa -- Expurgate uetus fermentum / Io. Castileti -- Immolabit hedum (secunda pars: Pascha nostrum immolatus est Christus) / Ioannes Castileti -- Magi ueniunt ab oriente (secunda pars: Interrogabat magos Herodes) / Io. Larchier -- Delectare in domino (secunda pars: Et educet quasi lumen) / Thomas Crecquillon.
=510  4\$aJohn Milsom, 'The Nonsuch Music Library', in Chris Banks, Arthur Searle and Malcolm Turner (eds.), Sundry Sorts of Music Books: Essays on The British Library Collections, Presented to O. W. Neighbour on his 70th Birthday (London, 1993), 146-82,$cno. 9.
=510  4\$aRISM B/I,$c1547 ⁶
=510  4\$aU. Meissner, Der Antwerpener Notendrucker Tylman Susato (Berlin: Verlag Merseburger, 1967), Vol.2,$cpp. 61-63.
=546  \\$aLatin words.
=546  \\$aWith dedication (tenor part book only) in Latin.
=650  \0$aMotets
=700  1\$aAppenzeller, Benedictus,$dactive 16th century,$ecomposer.
=700  1\$aArundel, Henry Fitz Alan,$cEarl of,$d1512-1580,$eformer owner.$5Uk.
=700  1\$aClemens non Papa, Jacobus,$dapproximately 1510-approximately 1555,$ecomposer.
=700  1\$aConseil, Jean,$d1498 or 1501-1534,$ecomposer.
=700  1\$aCrecquillon, Thomas,$d-1557?,$ecomposer.
=700  1\$aGeszin, Nicolaus,$ecomposer.
=700  1\$aGuyot, Jean,$d-1588,$ecomposer.
=700  1\$aHedano, D. Michaeli,$ededicatee.
=700  1\$aLarchier, Jean,$dactive 1544-1555,$ecomposer.
=700  1\$aLumley, John Lumley,$cBaron,$d1534?-1609,$eformer owner.$5Uk.
=700  1\$aManchicourt, Pierre de,$dapproximately 1510-1564,$ecomposer.
=700  1\$aMouton, Jean,$d-1522,$ecomposer.
=700  1\$aPayen, Nicolas,$dapproximately 1512-approximately 1559.$tcomposer.
=700  1\$aSusato, Tielman,$dactive 1529-1561,$eprinter.
=752  \\$aBelgium$dAntwerp.$2lcsh/naf
=856  41$uhttp://purl.org/rism/BI/1547/6$yDigitised score
=859  \\$aXLD$bDCW
=852  4\$cDRT$jDigital Store K.8.k.1.(4.)$aBritish Library$bMUSIC
=985  \\$aEarly Music Online project
=985  \\$aRecord amended for WR# 13/070
=985  \\$aname title to add
=985  \\$aCorrected by MS generated file for WR# 1805-0738
=CAT  \\$aBATCH-DCW$b00$c20171219$lBLL01$h0200
=CAT  \\$a1805-0738$c20190111$lBLL01$h1808
=CAT  \\$a1805-0738$b00$c20190111$lBLL01$h1828
=CAT  \\$aBATCH-UPD$b00$c20190818$lBLL01$h2055
=CAT  \\$aBATCH-UPD$b00$c20220605$lBLL01$h2138
=FIN  \\$aY$d20171219
=LKR  \\$aPAR$lBLL01$r776$b004538641$mLiber quartus sacrarum cantionum, quatuor vocum, vulgo moteta vocant, ex optimis quibusq[ue] huius aetatis musicis selectaru[m].$nLiber quartus sacrarum cantionum, quatuor vocum, vulgo moteta vocant, ex optimis quibusq[ue] huius aetatis musicis selectaru[m].
=DGM  \\$a004538641$bCatBridge variable field
=DRT  \\$aDCW
=SRC  \\$aDCW$bDCW_20171218
=OHC  \\$a1
=LAS  \\$aBATCH-UPD$b00$c20220605$lBLL01$h2138

