=LDR  05315 cm a22006977  4500
=001  018650164
=003  Uk
=005  20171219020018.0
=007  cr\mn\024mpada
=008  930329s1520\\\\gw\||z\\s\\\\\\\\\\\lat\\
=FMT  \\$a  MU
=019  d\$agc12440021
=040  \\$aUk$beng$cUk
=041  \\$alat
=042  \\$aukblsr
=082  14$a780$215
=100  1\$aSenfl, Ludwig,$dapproximately 1486-1542 or 1543.
=245  10$aLiber selectarum cantionum quas vulgo Mutetas appellant, sex quinque et quatuor vocum.
=264  \1$a[Augsburg] :$bS. Grimm and M. Wirsung,$c[1520]
=300  \\$a1 choir book ;$c43 x 28 cm (folio)
=336  \\$anotated music$2rdacontent
=337  \\$acomputer$2rdamedia
=338  \\$aonline$2rdacarrier
=340  \\$mfolio$2rdabf
=500  \\$aAn ornately-decorated canon is included on f. 272 after the dedication, composed by Ludwig Senfl. The text is "Salue sancta parens dulcis amor meus".
=500  \\$aCollection of 24 motets in four to six parts.
=500  \\$aCopy at K.9.a.24. 274 leaves ([i-ii], 1-272 f.); paper dimensions: 430 x 280 mm.$5Uk
=500  \\$aCopy at K.9.a.24. Digitised score at http://purl.org/rism/BI/1520/4.$5Uk
=500  \\$aHeraldic shield printed on the verso of the title page.
=500  \\$aMotets one to eight are in six parts, nine to sixteen are in five parts and seventeen to twenty four are in four parts.
=500  \\$aTranscribed title page: LIBER SELECTARVM / CANTIONVM QVAS / VVLGO MVTETAS / APPELLANT SEX / QVINQUE ET / QVATUOR / VOCVM.
=500  \\$aWith table of contents, listing the motets in order of appearance in the book. A foreword appears after the table of contents, and a dedication appears on verso of f. 271.
=505  0\$aO Maria mater Christi (secunda pars: Ave domina dei) (tertia pars: O iocunda) (quarta pars: Ave sanctissima) / H. Ysac -- Discubuit Hiesus (secunda pars: Et accepto pane) (tertia pars: Dicens hoc est corpus) (quarta pars: Fecit Asuerus) / L.S. [Ludwig Senfl] - Vsquequo domine (secunda pars: Exultabit cor meum) / L.S. [Ludwig Senfl] -- Beati omnes qui timent (secunda pars: Filii tui sicut) / L.S.[Ludwig Senfl].
=505  0\$aOptime diuino (separate texts for middle two voices: Da pacem, Sacerdos et pontifex) (secunda pars: Vobis religio) / Henricus Ysac -- Praeter rerum seriem (secunda pars: Virtus sancti spiritus) / Josquin -- Virgo prudentissima (secunda pars: Vos Michael) / Henricus Yzac -- O virgo prudentissima (secunda pars: Audi virgo) / Josquin -- Anima mea liquefacta (secunda pars: Descendi in ortum) -- Benedicta es celorum regina (secunda pars, duo: Per illud aue) (tertia pars: Nunc mater exora natum) / Josquin -- Pater de coelis deus (secunda pars: Benedicamus patrem) / Petrus de la Rue -- Sancte pater diuumque (secunda pars: Tu si quidem) / L.S. [Ludwig Senfl] -- Miserere mei deus (secunda pars: Auditui meo) (tertia pars: Domine labia mea) / Josquin de Press -- Inuiolata integra et casta es (secunda pars: Nostra vt pura pectora) (tertia pars: O Benigna O regina) / Josquin de Press -- Salue crux arbor vitae (secunda pars: O crux lignu[m] triumphale) (tertia pars: Mundi vera salus) / Jac. Hobrech -- Lectio actuum apostolorum (secunda pars: Facta aute[m] hac nocte) -- Stabat mater dolorosa (secunda pars: Eya mater fons) / Josquin -- Missus est Gabriel angelus (secunda pars: Hic erit magnus) / Monton -- Anima mea liquefacta (secunda pars: Inuenerunt me custodes) -- Gaude Maria virgo (secunda pars: Dum virgo deum) (tertia pars: Gabrielem archangelum) (quarta pars: Erubescat iudeus infoelix) (quinta pars: Dum virgo deum et hominem) / L.S. [Ludwig Senfl] -- Ave sanctissima Maria (secunda pars: Tu es singularis virgo) (tertia pars: Ora pro nobis Hiesum) / Hen. Yzac -- De profundis disclamaui (secunda pars: A custodia matutina) / Josquin -- Prophetarum maxime (secunda pars: Concede nobis) (tertia pars: Inter natos mulierum) / . Ysac -- Jesu in adiutorium meum --
=510  4\$aRISM B/I$c1520 ⁴
=546  \\$aLatin words.
=650  \0$aMotets
=700  0\$aJosquin,$cdes Prez,$d-1521,$ecomposer.
=700  1\$aGrimm, Siegmund,$d-1530,$eprinter.
=700  1\$aIsaac, Heinrich,$dapproximately 1450-1517,$ecomposer.
=700  1\$aLa Rue, Pierre de,$d-1518,$ecomposer.
=700  1\$aObrecht, Jacob,$d-1505,$ecomposer.
=700  1\$aPeutinger, Konrad,$d1465-1546 or 1547,$ededicatee.
=752  \\$aGermany$dAugsburg.$2lcsh/naf
=856  41$uhttp://purl.org/rism/BI/1520/4$yDigitised score
=859  \\$aXLD$bDCW
=852  4\$cDRT$jDigital Store K.9.a.24.$aBritish Library$bMUSIC
=985  \\$aEarly Music Online project
=985  \\$aRecord amended for WR# 13/070
=985  \\$aname title to add
=985  \\$aCorrected by MS generated file for WR# 1805-0738
=CAT  \\$aBATCH-DCW$b00$c20171219$lBLL01$h0200
=CAT  \\$a1805-0738$c20190111$lBLL01$h1808
=CAT  \\$a1805-0738$b00$c20190111$lBLL01$h1828
=FIN  \\$aY$d20171219
=LKR  \\$aPAR$lBLL01$r776$b004651840$mLiber selectarum cantionum quas vulgo Mutetas appellant, sex quinque et quatuor vocum.$nLiber selectarum cantionum quas vulgo Mutetas appellant, sex quinque et quatuor vocum.
=DGM  \\$a004651840$bCatBridge variable field
=DRT  \\$aDCW
=SRC  \\$aDCW$bDCW_20171218
=OHC  \\$a1
=LAS  \\$a1805-0738$b00$c20190111$lBLL01$h1828

