=LDR  06753 cm a2200865 a 4500
=001  018650165
=003  Uk
=005  20201124190617.0
=007  cr\mn\024mpada
=008  930401s1560\\\\gw\moz\\s\\\\\\\\\\\mul\\
=FMT  \\$a  MU
=040  \\$aUk$beng$cUk
=041  \\$alat$ager$afre$adut
=042  \\$aukblsr
=082  14$a780$215
=245  00$aVariarum linguarum tricinia.$nTomi secundi /$ca praestantissimis musicis ; ad voces fere aequales composita ...
=264  \1$aNoribergae :$bIn officina Joannis Montani & Ulrici Neuberi sociorum,$cMDLX [1560]
=300  \\$a3 part books ;$c10 x 14 cm (oblong 8º)
=336  \\$anotated music$2rdacontent
=337  \\$acomputer$2rdamedia
=338  \\$aonline$2rdacarrier
=340  \\$m8vo$2rdabf
=500  \\$aCollection of motets and songs for three voices (STB).
=500  \\$aCopy at K.8.i.1.(2.). Digitised score at http://purl.org/rism/BI/1560/2.$5Uk
=500  \\$aCopy at K.8.i.1.(2.). Discantus (71 leaves), Bassus (68 leaves); paper dimensions: 85 x 125 mm.$5Uk
=500  \\$aThis is probably the second of a series of 3 books of Tricinia by this publisher, volume 1 being RISM B/I 1560/1, and volume 3 being RISM A/I F 0720, although the publication date of volume 3 is a year earlier than volumes 1 & 2.
=500  \\$aTitle from Discantus and Bassus parts: Triciniorum in secundo tomo contentorum.
=500  \\$aTitle from RISM B/I, probably from tenor part book.
=500  \\$aTranscribed title page from bassus part book: BASSVS / TRICINIORVM. / IN / SECVNDO / TOMO CON= / TENTORVM. / NORIBERGAE INPRESSERVNT IOANNES / Montanus, ET Vlricus Neuberus. M.D.LX.
=500  \\$aTranscribed title page from discantus part book: DISCANTVS / TRICINIORVM. / IN / SECVNDO / TOMO CON= / TENTORVM. / NORIBERGAE INPRESSERVNT IOANNES / Montanus, ET Vlricus Neuberus. M.D.LX.
=500  \\$aWith table of contents.
=505  0\$aEcce enim Deus / Verdalot -- Contristatus sum / Clemens non Papa -- In die tribulationis meae / Morales -- Memor fui nocte / Phinot -- Deduc me Domine / Jacotin -- Ecce Dominus veniet / Certon -- Viderunt omnes termini terrae / Claudin -- In die tribulationis meae / Damianus -- Universae viae tuae / Claudin -- Ave Maria / Certon -- Ave Maria / Claudin -- Spes mea ab uberibus / Claudin -- Tu es Petrus / Morales -- Domine non secundum (secunda pars: Domine ne memineris) (tertia pars: Adiuva nos Deus) / Leonhardus Paminger -- Wir glauben all an einen Gott / Leon. Baminger -- Erhalt uns Herr / Leonhardus Paminger -- Nun bitten wir den heyligen Geyst / Leonhardus Paminger -- Der Herr Jesus Christus (secunda pars: Desselbigen gleichen nam er) / Leon. Paminger -- Der Herre ist mein Hirt (secunda pars: Und ob ich schon wandert) / Leonh. Paminger -- Vatter unser im Himelreich / Leon. Paminger -- Vatter unser im Himelreich / Leon. Paminger -- Vater unser im Himelreich / Leonhardus Paminger -- Aller augen warten auff dich Herre (secunda pars: Herr Gott Himlischer Vatter) (tertia pars: Dancket dem Herren) (quarta pars: Wir dancken dir Herr Gott Vatter) / Leon. Paminger -- Herr zeige mir deine weg (secunda pars: Gedenck Herr an dein barmhertzigkeit) / Leon. Paminger -- Kumbt her Kinder höret mir zu (secunda pars: Die augen des Herren sehen auff die gerechten) / Leonh. Paminger -- Mon petit cueur plain de doleurs / Cornelius Canis -- Ma bouche chante / Cornelius Canis -- Doulce memoire en plaisir / Jo. Baston -- Hastes vous de moy faire grace / Thomas Crecquillon -- Or vray dieu quil est / Thomas Crecquillon -- Je suis ayme de la plus belle / Thomas Crecquillon -- Je suis trop jonette / N. Gombert -- Sil est si doulx / Clemens Jannequin -- Le bergier & la bergiere -- Celluy qui est long de samye / N. Gombert --
=505  0\$aTout plain dennuy & de desconfort / Benedictus -- Deson amour me donne jouyssance / Clemens Janequin -- Salich is die man / Cle. non Papa -- Verhoort Heer myn ghechlach / Cle. N. Papa -- In god is al myn toverlat / Cle. N. P. -- O Heer wilt my behowen / Cle. N. P. -- O Heer verhoort doch myn gebet / Clemens non Papa -- Gods glory ende herlicheit / Clemens non Papa -- Die Coninc sal hem verbliden / Cle. N. Papa -- Waeroum wout ghi mi verlaten / Cle. N. Papa -- Ick heb gestelt op / Clemens non Papa -- God myns genadich zyt / Cle. N. P. -- O Heer doe ghi ons hier / Cle. N. Pa. -- Heere lieue Heere / Cle. N. Papa -- Vrolicken bly loeft / Cle. N. Pa. -- Waerom wilt ghi ons verlaten? / Cle. N. P. -- Die Heyden quamen tot v vercoren / Clemens non Papa.
=510  4\$aRISM B/I,$c1560 ²
=546  \\$aLatin, German, French or Flemish words.
=650  \0$aMadrigals.
=650  \0$aMotets.
=650  \0$aPart songs, German.
=650  \0$aPolyphonic chansons.
=700  0\$aJacotin,$ecomposer.
=700  1\$aBaston, Josquin,$dactive 1542-1563,$ecomposer.
=700  1\$aCanis, Cornelius,$dapproximately 1510-1561,$ecomposer.
=700  1\$aCerton, Pierre,$d-1572,$ecomposer.
=700  1\$aClemens non Papa, Jacobus,$dapproximately 1510-approximately 1555,$ecomposer.
=700  1\$aCrecquillon, Thomas,$d-1557?,$ecomposer.
=700  1\$aDucis, Benedictus,$dapproximately 1490-1544,$ecomposer.
=700  1\$aGombert, Nicolas,$dactive 16th century,$ecomposer.
=700  1\$aHavericq, Damien,$dactive 1538-1556,$ecomposer.
=700  1\$aJanequin, Clément,$dapproximately 1495-approximately 1560,$ecomposer.
=700  1\$aMorales, Cristóbal de,$dapproximately 1500-1553,$ecomposer.
=700  1\$aNeuber, Ulrich,$d-1571,$eprinter.
=700  1\$aPaminger, Leonhard,$d1495-1567,$ecomposer.
=700  1\$aPhinot, Dominique,$dapproximately 1510-approximately 1555,$ecomposer.
=700  1\$aSermisy, Claudin de,$dapproximately 1490-1562,$ecomposer.
=700  1\$aVom Berg, Johann,$d-1563,$eprinter.
=710  2\$aJohann vom Berg und Ulrich Neuber (Firm),$eprinter.
=752  \\$aGermany$dNuremberg.$2lcsh/naf
=856  41$uhttp://purl.org/rism/BI/1560/2$yDigitised score
=859  \\$aXLD$bDCW
=852  4\$cDRT$jDigital Store K.8.i.1.(2.)$aBritish Library$bMUSIC
=985  \\$aCorrected by MS generated file for WR# 1805-0738
=985  \\$aRecord amended for WR# 13/070
=985  \\$aUpgraded by BSS-generated file for WR2011-1473
=985  \\$aname title to add
=CAT  \\$aBATCH-DCW$b00$c20171219$lBLL01$h0200
=CAT  \\$a1805-0738$c20190111$lBLL01$h1808
=CAT  \\$a1805-0738$b00$c20190111$lBLL01$h1828
=CAT  \\$aW2011-1473$b00$c20201124$lBLL01$h1906
=FIN  \\$aY$d20171219
=LKR  \\$aPAR$lBLL01$r776$b015835115$mVariarum linguarum tricinia.$nVariarum linguarum tricinia.
=DGM  \\$a015835115$bCatBridge variable field
=DRT  \\$aDCW
=SRC  \\$aDCW$bDCW_20171218
=OHC  \\$a1
=LAS  \\$aW2011-1473$b00$c20201124$lBLL01$h1906

