=LDR  05118 cm a2200745 a 4500
=001  018650166
=003  Uk
=005  20190710171949.0
=007  cr\mn\024mpada
=008  930401s1559\\\\gw\moz\\s\\\\\\\\\\\lat\\
=FMT  \\$a  MU
=040  \\$aUk$beng$cUk
=041  \\$alat$ager
=042  \\$aukblsr
=082  14$a780$215
=100  1\$aFigulus, Wolfgang,$dapproximately 1525-1589.
=245  10$aTricinia sacra ad voces pueriles :$bpares in usum scholarum composita : in tertio tomo triciniorum.
=264  \1$aGedruckt zu Nürnberg :$bdurch Johann vom Berg, und Ulrich Neuber,$cAnno 1559.
=300  \\$a3 part books ;$c10 x 14 cm (oblong 8º)
=336  \\$anotated music$2rdacontent
=337  \\$acomputer$2rdamedia
=338  \\$aonline$2rdacarrier
=340  \\$m8vo$2rdabf
=500  \\$a"In tertio tomo triciniorum" probably means this is the third in a series of 3 books of Tricinia by this publisher, volume 1 being RISM B/I 1560/1, and volume 2 being RISM B/I 1560/2, although the publication date of this volume is a year earlier than volumes 1 & 2.
=500  \\$a'Tertium: Hart halt ich noch an dir' and 'Agnus Dei' are not in Inferior Cantus part book.
=500  \\$aCollection of three-part motets and songs attributed to Wolfgang Figulus but may contain works by other composers.
=500  \\$aCopy at K.8.i.1.(3.). Digitised score at http://purl.org/rism/AI/F720.$5Uk
=500  \\$aCopy at K.8.i.1.(3.). SVPERIOR CANTVS (71 leaves), INFERIOR CANTVS (72 leaves); paper dimensions: 85 x 125 mm.$5Uk
=500  \\$aNames of authors of the words of six pieces are included on pages before the music, with the text printed separately for reference in poem form.
=500  \\$aTitle from superior and inferior cantus part books: In tertio tomo triciniorum
=500  \\$aTranscribed title page from inferior cantus part book: INFERIOR CAN= / TVS IN TERTIO TOMO / TRICINIORVM. / EVPHROSYNE. / Aspicit Euphrosyne laeto data munera uultu, / Ponderat illa animum, non tribuentis opes.
=500  \\$aTranscribed title page from superior cantus part book: SVPERIOR CAN / TVS IN TERTIO TO- / MO TRICINIORVM. / AGLAIA. / Moribus Aglaia cum maiestate uerendis, / Largitur facili munera dextra manu.
=500  \\$aWith table of contents.
=505  0\$aVos ad se pueri primis -- Nemo aliquem ex istis -- Coelestis & verus pater -- Omnia qui pascis -- Pater voster qui es in coelis -- Huc agite ô fassi coelestia munera -- Quas grates tibi -- In tenebris nostrae -- Christe salus mundi -- Ecce haereditas Domini -- Et erit tanquàm linguam -- Toni Primi: Fecit potentiam in brachio suo -- Toni Secundi: Fecit potentiam in brachio suo -- Pleni sunt coeli -- Agnus Dei -- Contere Domine fortitudinem -- Aufer à nobis -- Da pacem Domine in diebus nostris -- Da pacem Domine in diebus nostris -- Beatus autor seculi -- Grates nunc omnes reddamus Domino (secunda pars: Huic oportet ut canamus) -- Dies est laetitiae in ortu regali -- Defuncto autem Herode -- Lumen ad revelationem gentium -- Angelicos testes -- Gelobet seystu Jesus Christ -- Und du kindlein -- Er ubet gewalt -- Nun bitten wir -- Christe der du bist tag und liecht -- Beschirmer der Christenheit -- Erhalt uns Herr bey deinem wort -- Verley uns friden gnediglich -- Primum: Hart halt ich noch an dir -- Secundum: Hart halt ich noch an dir -- Tertium: Hart halt ich noch an dir -- Ach Gott von Himel -- Wo Gott der Herr nit bey uns helt -- Ein feste burgk ist unser Gott.
=510  4\$aRISM A/I,$cF 720
=546  \\$aLatin or German words.
=650  \0$aSacred vocal trios, Unaccompanied.
=700  1\$aCamerarius, Joachim,$d1500-1574,$eauthor.
=700  1\$aFabricius, Georg,$d1516-1571,$eauthor.
=700  1\$aHessus, Helius Eobanus,$d1488-1540,$eauthor.
=700  1\$aMelanchthon, Philipp,$d1497-1560,$eauthor.
=700  1\$aMoltzer, Jakob,$d1503-1558,$eauthor.
=700  1\$aNeuber, Ulrich,$d-1571,$eprinter.
=700  1\$aSiber, Adam,$d1515-1583,$eauthor.
=700  1\$aStigel, Johann,$d1515-1562,$eauthor.
=700  1\$aVom Berg, Johann,$d-1563,$eprinter.
=710  2\$aJohann vom Berg und Ulrich Neuber (Firm),$eprinter.
=752  \\$aGermany$dNuremberg.$2lcsh/naf
=856  41$uhttp://purl.org/rism/AI/F720$yDigitised score
=859  \\$aXLD$bDCW
=852  4\$cDRT$jDigital Store K.8.i.1.(3.)$aBritish Library$bMUSIC
=985  \\$aRecord amended for WR# 13/070
=985  \\$aname title to add
=985  \\$aCorrected by MS generated file for WR# 1805-0738
=CAT  \\$aBATCH-DCW$b00$c20171219$lBLL01$h0200
=CAT  \\$a1805-0738$c20190111$lBLL01$h1808
=CAT  \\$a1805-0738$b00$c20190111$lBLL01$h1828
=CAT  \\$a12274$b40$c20190710$lBLL01$h1719
=FIN  \\$aY$d20171219
=LKR  \\$aPAR$lBLL01$r776$b015835141$mTricinia sacra ad voces pueriles : pares in usum scholarum composita : in tertio tomo triciniorum.$nTricinia sacra ad voces pueriles : pares in usum scholarum composita : in tertio tomo triciniorum.
=DGM  \\$a015835141$bCatBridge variable field
=DRT  \\$aDCW
=SRC  \\$aDCW$bDCW_20171218
=OHC  \\$a1
=LAS  \\$a12274$b40$c20190710$lBLL01$h1719

