=LDR  05165 cm a2200733 a 4500
=001  018655082
=003  Uk
=005  20171221020103.0
=007  cr\mn\024mpada
=008  930310s1538\\\\fr\cpz\\s\\\\\\\\\\\fre\\
=FMT  \\$a  MU
=019  d\$acc08190105
=040  \\$aUk$beng$cUk
=041  \\$afre$aita
=042  \\$aukblsr
=082  14$a780$215
=130  0\$aParangon des chansons,$n1. livre.
=245  13$aLe parangon des chansons :$bcontenant plusieurs nouvelles & delectables chansons que oncques ne furent imprimees au singulier prouffit & delectation des musiciens.
=264  \1$a[Lyon] :$bJaques Moderne,$c[1538]
=300  \\$a1 table book ([64] pages) ;$c19 x 26 cm (oblong 4º)
=336  \\$anotated music$2rdacontent
=337  \\$acomputer$2rdamedia
=338  \\$aonline$2rdacarrier
=340  \\$m4to$2rdabf
=500  \\$aCollection of 27 chansons in four parts (SATB).
=500  \\$aCopy at K.10.a.9.(1.). 32 leaves; original foliation: [1], 2 - 32 f.; paper dimensions: 180 x 240 mm.$5Uk
=500  \\$aCopy at K.10.a.9.(1.). Digitised score at http://purl.org/rism/BI/1538/15.$5Uk
=500  \\$aTranscribed title page: LE PARANGON DES CHANSONS. / Contenant plusiers nouuelles & delectables Chan / sons que oncques ne furient imprimees au singulier / prouffit & delectation des Musiciens.
=500  \\$aWith table of contents.
=505  0\$aCe q[ui] souloit en deulx se despartir / P. Sandrin -- Si je ma[n]tie[n]s ma vie seullement p[ar] ton regard / G. de la Moeulle -- Bon juor bo[n] an & bo[n]e estrayne / E. de Beaulieu -- Plus loi[n]g je[n] suys pl[us] p[re]s delle me sens / P. de Villiers -- Tant suellement ceste foys je vous prie / A. Cauillon -- En gra[n]t douleur faict son triste demeure / P. de Villiers -- Voicy le bo[n] te[m]ps q[ui] chascu[n] saprest / E. de Beaulieu -- Qui vouldra scavoir qui ie suis / P. Sandrin -- Qui de tout bie[n] vouldra choisir leslite / P. de Villiers -- L'heur damytie gist premier en la veue / A. Mornable -- Ce nest pas moy mais vous q[ue] faict que je vous ayme / P. de Villiers -- Elle a mon cueur je croys q[ue]lle est co[n]tente / A. Mornable -- La fille q[ue] na poi[n]t damy co[m]me[n]t vit elle / F. Layolle -- M'amour mo[n] bie[n] mo[n] cueur pleure & souspire / Gosse -- Vaincre na peu le te[m]ps p[ar] sa rigueur / P. Sandrin -- Puis q[ue] de vous je nay aultre visaige / P. Sandrin -- Doulce memoire en plaisir consommee / P. Sandrin -- Vous estes trop jeune pour estre mamye / Gombert -- Dema[n]dez vo[us] q[ue] me faict glorieux / A. Mornable -- Une sans plus a mo[n] desir / Cadeac -- Il nest celluy quil nait quelque adventure / Cadeac -- Incessament sans cesser je lame[n]te / A. Mornable -- Par trop cuider q[ui] entrepre[n]t venir / A. Mornable -- Te ne le croy & le scay seureme[n]t / P. Sandrin -- Ung co[m]paigno[n] pour p[re]ndre ses esbatz / P. de Villiers -- J'ay heu du mal pour vouloir bien / Cadeac -- Priegi qui muoi[a] il cielo q[ue] vuol averla / P. de Villiers.
=510  3\$aBernstein, Jane A. (ed.). The sixteenth century chanson. Vol. 24. New York and London, Garland, 1992.
=510  3\$aPogue, Samuel F., Jacques Moderne: Lyons music printer of the sixteenth century. Genève, 1969.
=510  4\$aRISM B/I,$c1538 ¹⁵
=546  \\$aFrench words, except for no. 27 in Italian.
=650  \0$aPolyphonic chansons.
=700  0\$aSandrin,$dactive 1538-1561,$ecomposer.
=700  1\$aBeaulieu, Eustorg de,$d-1552,$ecomposer.
=700  1\$aCadéac, Pierre,$ecomposer.
=700  1\$aCauillon, A.,$ecomposer.
=700  1\$aGombert, Nicolas,$dactive 16th century,$ecomposer.
=700  1\$aGosse,$cMaistre,$dactive 1520-1565,$ecomposer.
=700  1\$aLa Moeulle, Guillaume de,$ecomposer.
=700  1\$aLayolle, Francesco de,$d1492-approximately 1540,$ecomposer.
=700  1\$aModerne, Jacques,$dactive 1523-1544,$eprinter.
=700  1\$aMornable, Antoine,$dactive 1530-1553,$ecomposer.
=700  1\$aVilliers, Pierre de,$dactive 16th century,$ecomposer.
=710  2\$aJacques Moderne (Firm),$eprinter.
=752  \\$aFrance$dLyon.$2lcsh/naf
=856  41$uhttp://purl.org/rism/BI/1538/15$yDigitised score
=859  \\$aXLD$bDCW
=852  4\$cDRT$jDigital Store K.10.a.9.(1.)$aBritish Library$bMUSIC
=985  \\$aRecord amended for WR# 13/070
=985  \\$aname title to add; name heading for Guillaume de La Moeulle needs work.
=985  \\$aCorrected by MS generated file for WR# 1805-0738
=CAT  \\$aBATCH-DCW$b00$c20171221$lBLL01$h0201
=CAT  \\$a1805-0738$c20190111$lBLL01$h1808
=CAT  \\$a1805-0738$b00$c20190111$lBLL01$h1828
=FIN  \\$aY$d20171221
=LKR  \\$aPAR$lBLL01$r776$b004263630$mLe parangon des chansons : contenant plusieurs nouvelles & delectables chansons que oncques ne furent imprimees au singulier prouffit & delectation des musiciens.$nLe parangon des chansons : contenant plusieurs nouvelles & delectables chansons que oncques ne furent imprimees au singulier prouffit & delectation des musiciens.
=DGM  \\$a004263630$bCatBridge variable field
=DRT  \\$aDCW
=SRC  \\$aDCW$bDCW_20171220
=OHC  \\$a1
=LAS  \\$a1805-0738$b00$c20190111$lBLL01$h1828

