=LDR  06978 cm a2200937 a 4500
=001  018655083
=003  Uk
=005  20171221020103.0
=007  cr\mn\024mpada
=008  930323s1532\\\\fr\moz\\s\\\\\\\\\\\lat\\
=FMT  \\$a  MU
=019  d\$afa20780010
=040  \\$aUk$beng$cUk
=042  \\$aukblsr
=082  14$a780$215
=130  0\$aMotteti del fiore.$nLiber 1.
=245  10$aMotetti del fiore.$nPrimus liber :$bcum quatuor vocibus.
=264  \1$aImpressum Lugduni :$bper Iacobum Modernum de Pinguento,$cAnno domini MDXXXII [1532]
=300  \\$a4 part books ;$c18 x 25 cm (oblong 4º)
=336  \\$anotated music$2rdacontent
=337  \\$acomputer$2rdamedia
=338  \\$aonline$2rdacarrier
=340  \\$m4to$2rdabf
=500  \\$a"Impressum Lugduni per Iacobum Modernum de Pinguento. / Anno domini. M.D.XXXII"--Colophon.
=500  \\$a'Unica est columba mea' is not in the index.
=500  \\$aCollection of motets in four parts (SATB).
=500  \\$aCopy at K.10.a.7. Digitised score at http://purl.org/rism/BI/1532/10.$5Uk
=500  \\$aCopy at K.10.a.7. Superius (32 leaves); Altus (32 leaves); Tenor (32 leaves); Bassus (32 leaves); original foliation: [1-2] 3-64 (in all volumes); paper dimensions: 170 x 248 mm.$5Uk
=500  \\$aTranscribed title page from superius part book: SVPERIVS / PRIMVS LIBER CVM QVA- / TVOR VOCIBVS. / MOTTETI DEL FIORE.
=500  \\$aWith index at the front.
=505  0\$aDignare me laudarete (secunda pars: O Regina poli) / Nicolaus Gombert. -- Nisi dominus hedificaverit domum (secunda pars: Cum dederit dilectis) / Lheritier. -- Beati o[mn]es qui timent dominum (secunda pars: Ecce sic benedicetur) / Lupus. -- Aspice domine quia facta est (secunda pars: Muro tuo inexpugnabili) / Nicolaus Gombert. -- Domine quis habitabit (secunda pars: Ad nihilu[m] deductus) / Io. Courtois. -- Inter natos mulierum (secunda pars: Fuit homo missus) / F. de Layolle. -- Gabriel archangelus apparuit / Verdelot. -- Letare & exultare (secunda pars: Resurgant iustitie) -- Veni in hortum meum (secunda pars: In lectulo meo) -- Letare nova syon (secunda pars: Cantare ca[n]ticu[m]) / Andreas de Silva. -- O admirabile co[m]mercium (secunda pars: Quando natus est; tertia pars: Rubu[m] que[m] viderat; quarta pars: Germinauit radix iesse; quinta pars: Ecce Maria genuit) / Loiset Pieton.
=505  0\$aO regem celi (secunda pars: Natus est nobis hodie) / Andreas de Silva -- Hodierne lux diei (secunda pars: Ave domina celorum) / Lupus -- Descendit angelus domini (secunda pars: Ne timeas quonia[m]) / Hilaire Penet -- Beati omnes qui time[n]t d[omi]n[um] (secunda pars: Ecce sic benedice[n]t) / Loyset Pieton -- Ave Maria gratia plena / Hesdin -- Super flumina babilonis / Nicolaus Gombert -- Unica est columba mea -- Miserere mei deus (secunda pars: Cor mu[n]du[m] crea) / F. de Layolle -- Tanto te[m]pore vobiscum sum / Verdelot. -- Nigra sum sed formosa / F. de Layolle -- O virgo benedicta / Andreas de sylva. -- Virtute magna (secunda pars: Repleti sunt) -- In convertendo d[omi]n[u]s captivitatem syon (secunda pars: Qui seminat in lachrimis) / Lupus. -- Nisi quia d[omi]n[u]s erat in nobis (secunda pars: Benedictus d[omi]n[u]s) / Claudin. -- Inviolata integra & casta (secunda pars: O Benigna. O Regina) / Io. Courtoys. -- Pater noster qui es in celis / Andreas villart. -- Ave Maria gra[tia] plena / Andreas villart. -- Panis que[m] ego dabo (secunda pars: Loctus est populus) / Lupus. -- Que[m] dicu[n]t ho[m]i[n]es (secunda pars: Petre diligis me) / Richafort. -- Virgo prudentissima (secunda pars: Tota formosa) / Domin. -- Qui co[n]fidunt in d[omi]no (secunda pars: Bene fac domine) / Lheritier. -- Peccata mea d[omi]ne (secunda pars: Quoniam iniquitatem) / Richafort --
=510  4\$aRISM B/I,$c1532 ¹⁰
=510  4\$aSamuel F. Pogue. Jacques Moderne, Lyons music printer of the sixteenth century (Geneva: Librairie Droz, 1969),$cpp. 123-126
=650  \0$aMotets.
=700  02$aLupus,$dactive 1518-1530.$tIn convertendo Dominus.
=700  1\$aModerne, Jacques,$dactive 1523-1544,$eprinter.
=700  12$aCourtois, Jean,$dactive 1530-1545.$tDomine quis habitabit.
=700  12$aCourtois, Jean,$dactive 1530-1545.$tInviolata integra et casta.
=700  12$aDe Silva, Andreas,$dactive 1510-1530.$tLaetare nova Sion.
=700  12$aDe Silva, Andreas,$dactive 1510-1530.$tO regem caeli.
=700  12$aDe Silva, Andreas,$dactive 1510-1530.$tO virgo benedicta.
=700  12$aDomin, Joannes.$tVirgo prudentissima.
=700  12$aGombert, Nicolas,$dactive 16th century.$tDignare me laudare te.
=700  12$aGombert, Nicolas,$dactive 16th century.$tMotets,$mvoices (4),$nbook 1.$pAspice Domine quia facta est.
=700  12$aGombert, Nicolas,$dactive 16th century.$tMotets,$mvoices (4),$nbook 1.$pSuper flumina Babylonis.
=700  12$aHellinck, Lupus,$d-1541.$tBeati omnes qui timent Dominum.
=700  12$aHellinck, Lupus,$d-1541.$tHodiernae lux diei.
=700  12$aHellinck, Lupus,$d-1541.$tPanis quem ego dabo.
=700  12$aHesdin, Nicolle des Celliers d',$d-1538.$tAve Maria.
=700  12$aLayolle, Francesco de,$d1492-approximately 1540.$tInter natos mulierum.
=700  12$aLayolle, Francesco de,$d1492-approximately 1540.$tMiserere mei Deus.
=700  12$aLayolle, Francesco de,$d1492-approximately 1540.$tNigra sum sed formosa.
=700  12$aLhéritier, Jean.$tNisi Dominus edificaverit.
=700  12$aLhéritier, Jean.$tQui confidunt in Domino.
=700  12$aPenet, Hilaire,$d1501?-$tDescendit angelus Domini.
=700  12$aPiéton, Loyset.$tBeati omnes qui timent Dominum.
=700  12$aPiéton, Loyset.$tO admirabile commercium.
=700  12$aRichafort, Jean,$dactive 1507-1548.$tPeccata mea Domine.
=700  12$aRichafort, Jean,$dactive 1507-1548.$tQuem dicunt homines.
=700  12$aSermisy, Claudin de,$dapproximately 1490-1562.$tNisi quia Dominus erat.
=700  12$aVerdelot, Philippe,$d-approximately 1565.$tGabriel archangelus.
=700  12$aVerdelot, Philippe,$d-approximately 1565.$tTanto tempore vobiscum sum.
=700  12$aWillaert, Adrian,$d1490?-1562.$tMotets,$mvoices (4),$nbook 2 (1545).$pPater noster.
=710  2\$aJacques Moderne (Firm),$eprinter.
=752  \\$aFrance$dLyon.$2lcsh/naf
=856  41$uhttp://purl.org/rism/BI/1532/10$yDigitised score
=859  \\$aXLD$bDCW
=852  4\$cDRT$jDigital Store K.10.a.7.$aBritish Library$bMUSIC
=985  \\$aRecord amended for WR# 13/070
=985  \\$aCorrected by MS generated file for WR# 1805-0738
=CAT  \\$aBATCH-DCW$b00$c20171221$lBLL01$h0201
=CAT  \\$a1805-0738$c20190111$lBLL01$h1808
=CAT  \\$a1805-0738$b00$c20190111$lBLL01$h1828
=FIN  \\$aY$d20171221
=LKR  \\$aPAR$lBLL01$r776$b004538627$mMotetti del fiore. cum quatuor vocibus.$nMotetti del fiore. cum quatuor vocibus.
=DGM  \\$a004538627$bCatBridge variable field
=DRT  \\$aDCW
=SRC  \\$aDCW$bDCW_20171220
=OHC  \\$a1
=LAS  \\$a1805-0738$b00$c20190111$lBLL01$h1828

