=LDR  05698 cm a2200817 a 4500
=001  018655084
=003  Uk
=005  20171221020103.0
=007  cr\mn\024mpada
=008  930310s1540\\\\fr\cpz\\s\\\\\\\\\\\fre\\
=FMT  \\$a  MU
=040  \\$aUk$beng$cUk
=041  \\$afre$aita
=042  \\$aukblsr
=082  14$a780$215
=130  0\$aParangon des chansons,$n2. livre.
=245  13$aLe parangon des chansons.$nSecond livre :$bcontenant xxxi chansons nouvelle au singulier prouffit & delectation des musiciens.
=264  \1$aReimprime & recorrige a Lyon :$bPar Jacques Moderne dict grand Jacques pres Nostre Dame de Confort,$c1540.
=300  \\$a1 table book ([64] pages) ;$c19 x 26 cm (oblong 4º)
=336  \\$anotated music$2rdacontent
=337  \\$acomputer$2rdamedia
=338  \\$aonline$2rdacarrier
=340  \\$m4to$2rdabf
=500  \\$aCollection of 30 chansons in four parts (SATB).
=500  \\$aCopy at K.10.a.9.(2.). 32 leaves; original foliation: [1], 2 - 32 f.; paper dimensions: 180 x 240 mm.$5Uk
=500  \\$aCopy at K.10.a.9.(2.). Digitised score at http://purl.org/rism/BI/1540/15.$5Uk
=500  \\$aTranscribed title page: LE PARANGON DES CHANSONS. / Second liure contenant .xxxi. chansons nouuelle au sin- / gulier prouffit: & delectation des Musiciens. reimprime & re / corrige a Lyon par Jacques Moderne dict grand Jacques / pres nostre dame de Confort. 1540.
=500  \\$aWith table of contents.
=505  0\$aPourta[n]t si je suis brunette / Claudin -- Venus par tout cherche so[n] filz p[er]du / Claudin -- Ce me semblent choses perdues / Layolle -- De vous aymer du tout je me supporte / Cadeac -- A bien gra[n]t tort vous mavez prins en haine / N. Gombert -- Nouvel amour le mie[n] cueur a surprins / Jo. Lupus -- Cueur sans mercy yeulx meurtriers / P. de Villiers -- Le triste cueur que avec vous demeure / Archadelt -- Finy le bien le mal soubdain commence / Certon -- Pauvres martyrs qui voz fem[m]es guettes / Manchicourt -- Si vous voullez m'amour avoir / P. de Villiers -- Ce fut amour dont je fus abusee / Passereau -- Le temps me vengera de si grande rudesse / P. de Villiers -- De tous regretz ung tout seul me tourmente / Jo. Mouton -- Alo[n]s nous e[n] sa[n]s dire adieu / Cassa sol la -- Mondain sejour jay perdu ta presence / E. de Beaulieu -- Plaindre lennuy de la peine estimee / Hesdin -- Licite mest endurer pour mon mieulx / G. de la Moeulle -- Je la tie[n]s pres ainsi de moy / Cassa, sol, la -- Las je ne scay celle me laissera / P. de Villiers -- Si souvenir pouvoit au cueur co[m]plaire / G. Coste -- Hors de plaisir & ce duict en lieu saulvaige / Richafort -- Mort mort ou mercy en languissant jattendz / P. de Villiers -- Vous congnoisses leur que jay en ce monde / A. Cavillon -- Dal bel suave raggio desce[n]dea infra la neve / Layolle -- Vous usurpe dame injustement / P. Sandrin. -- Elle est mamye en parle qui parler vouldra / P. de Villiers -- Mort & fortune pourquoy mavez vous laisse / Gombert -- Si du process damour nay recreance / G. Coste -- Une fillette bie[n] gorriere embrassa ung vert vestu / Jennequin -- Martin menoit so[n] porceau au marche avec Alix / Claudin.
=510  3\$aBernstein, Jane A. (ed.). The sixteenth century chanson. Vol. 24. New York and London, Garland, 1992.
=510  3\$aPogue, Samuel F., Jacques Moderne: Lyons music printer of the sixteenth century. Genève, 1969.
=510  4\$aRISM B/I,$c1540 ¹⁵
=546  \\$aFrench words, except for no. 25 Dal bel suave, in Italian.
=650  \0$aPolyphonic chansons.
=700  0\$aSandrin,$dactive 1538-1561,$ecomposer.
=700  1\$aArcadelt, Jacob,$dapproximately 1505-1568,$ecomposer.
=700  1\$aBeaulieu, Eustorg de,$d-1552,$ecomposer.
=700  1\$aCadéac, Pierre,$ecomposer.
=700  1\$aCavillon, A.,$ecomposer.
=700  1\$aCerton, Pierre,$d-1572,$ecomposer.
=700  1\$aCoste, Gabriel,$dactive 1538-1543,$ecomposer.
=700  1\$aGombert, Nicolas,$dactive 16th century,$ecomposer.
=700  1\$aHesdin, Nicolle des Celliers d',$d-1538,$ecomposer.
=700  1\$aLa Moeulle, Guillaume de,$ecomposer.
=700  1\$aLayolle, Francesco de,$d1492-approximately 1540,$ecomposer.
=700  1\$aLupi, Johannes,$d-1539,$ecomposer.
=700  1\$aManchicourt, Pierre de,$dapproximately 1510-1564,$ecomposer.
=700  1\$aModerne, Jacques,$dactive 1523-1544,$eprinter.
=700  1\$aMouton, Jean,$d-1522,$ecomposer.
=700  1\$aPassereau, Pierre,$dactive 1509-1547,$ecomposer.
=700  1\$aRichafort, Jean,$dactive 1507-1548,$ecomposer.
=700  1\$aSermisy, Claudin de,$dapproximately 1490-1562,$ecomposer.
=700  1\$aVilliers, Pierre de,$dactive 16th century,$ecomposer.
=710  2\$aJacques Moderne (Firm),$eprinter.
=752  \\$aFrance$dLyon.$2lcsh/naf
=856  41$uhttp://purl.org/rism/BI/1540/15$yDigitised score
=859  \\$aXLD$bDCW
=852  4\$cDRT$jDigital Store K.10.a.9.(2.)$aBritish Library$bMUSIC
=985  \\$aRecord amended for WR# 13/070
=985  \\$aname title to add
=985  \\$aCorrected by MS generated file for WR# 1805-0738
=CAT  \\$aBATCH-DCW$b00$c20171221$lBLL01$h0201
=CAT  \\$a1805-0738$c20190111$lBLL01$h1808
=CAT  \\$a1805-0738$b00$c20190111$lBLL01$h1828
=FIN  \\$aY$d20171221
=LKR  \\$aPAR$lBLL01$r776$b015829707$mLe parangon des chansons. contenant xxxi chansons nouvelle au singulier prouffit & delectation des musiciens.$nLe parangon des chansons. contenant xxxi chansons nouvelle au singulier prouffit & delectation des musiciens.
=DGM  \\$a015829707$bCatBridge variable field
=DRT  \\$aDCW
=SRC  \\$aDCW$bDCW_20171220
=OHC  \\$a1
=LAS  \\$a1805-0738$b00$c20190111$lBLL01$h1828

