=LDR  05133 cm a2200757 a 4500
=001  018655085
=003  Uk
=005  20171221020103.0
=007  cr\mn\024mpada
=008  930310s1538\\\\fr\cpz\\s\\\\\\\\\\\fre\\
=FMT  \\$a  MU
=040  \\$aUk$beng$cUk
=041  \\$afre$aita
=042  \\$aukblsr
=082  14$a780$215
=130  0\$aParangon des chansons,$n3. livre.
=245  13$aLe parangon des chansons.$nTiers livre :$bcontenant xxvi chansons nouvelle au singulier prouffit & delectation des musiciens.
=264  \1$aImprime a Lyon :$bPar Jacques Moderne dict grand Jacques pres Nostre Dame de Confort,$c1538.
=300  \\$a1 table book ([64] pages) ;$c19 x 26 cm (oblong 4º)
=336  \\$anotated music$2rdacontent
=337  \\$acomputer$2rdamedia
=338  \\$aonline$2rdacarrier
=340  \\$m4to$2rdabf
=500  \\$aCollection of 26 chansons in four parts (SATB).
=500  \\$aCopy at K.10.a.9.(3.). 32 leaves; original foliation: [1], 2 - 9, 18 - 21, 14 - 29, [30], 31 f.; paper dimensions: 180 x 240 mm.$5Uk
=500  \\$aCopy at K.10.a.9.(3.). Digitised score at http://purl.org/rism/BI/1538/17.$5Uk
=500  \\$aTranscribed title page: LE PARANGON DES CHANSONS. / Tiers liure contenant .xxvi. chansons nouuelle au singulier / prouffit: & delectation des Musiciens. Imprime a Lyon par / Jacques Moderne dict grand Jacques pres nostre dame de / Confort. 1538.
=500  \\$aWith table of contents.
=505  0\$aLa fricassee / H. Fresneau -- Voulant amour soubz parler gracieulx / Arcadelt -- Si mo[n] traval vo[us] peult don[n]er plaisir / Claudin -- Frere Thibault sejourne gros & gras / Certon -- Pour faire plus tost mal que bein frère Lubin / G. Coste -- Mon cuour voulout deda[n]s soy recepuoir / Claudin -- Veu le grief mal q[ue] lo[n]geme[n]t jendure / P. de Villiers -- Las quo[n] co[n]gneust mon vouloir sans le dire / Claudin -- Je ne vis oncques la pareille / Benoist -- En languissant je co[n]somme mes jours / Cadeac -- En vo[us] voyand jay liberte p[er]due / Ro. Patie -- Je suis ta[n]t sie[n] et ta[n]t luy veulx co[m]plaire / Benoist -- Laras tu cela Michaut / Jennequin -- Et puis a ton ouvert la porte / Jacques Buus -- Plus ne me chault ne dhon[n]eur ne de ho[n]te / F. de Layolle -- Jay la promesse de mamye / H. Fresneau -- Amour brusle p[ar] son arde[n]te flam[m]e / Jo. Maillard -- Lheur & malheur de v[oi]re co[n]gnoissance / P. de Villiers -- Bandez vostre arc du traict de jouissance / Jacques Buus -- Ce nest pas jue mais cest bie[n] cas p[our] rire / Passereau -- Jusque a la mort dame teusse clamee / G. Coste -- A bie[n] co[m]pter ma joye aba[n]donee / H. Fresneau -- Le dueil issu de la joye incertaine / P. de Villiers -- Puis que prier nest de vous entendu / Certon -- Vous perdes te[m]ps de me dire mal delle / Arcadelt -- El mio foco e lontano / F. de Layolle.
=510  3\$aBernstein, Jane A. (ed.). The sixteenth century chanson. Vol. 25. New York and London, Garland, 1993.
=510  3\$aPogue, Samuel F., Jacques Moderne: Lyons music printer of the sixteenth century. Genève, 1969.
=510  4\$aRISM B/I,$c1538 ¹⁷
=546  \\$aFrench words, except for no. 26 in Italian.
=650  \0$aPolyphonic chansons.
=700  1\$aArcadelt, Jacob,$dapproximately 1505-1568,$ecomposer.
=700  1\$aBenoist, Nicolaus,$ecomposer.
=700  1\$aBuus, Giacques,$d-1565,$ecomposer.
=700  1\$aCadéac, Pierre,$ecomposer.
=700  1\$aCerton, Pierre,$d-1572,$ecomposer.
=700  1\$aCoste, Gabriel,$dactive 1538-1543,$ecomposer.
=700  1\$aFresneau, Henry,$dactive 1538-1554,$ecomposer.
=700  1\$aJanequin, Clément,$dapproximately 1495-approximately 1560,$ecomposer.
=700  1\$aLayolle, Francesco de,$d1492-approximately 1540,$ecomposer.
=700  1\$aMaillard, Jean,$dactive 1538-1572,$ecomposer.
=700  1\$aModerne, Jacques,$dactive 1523-1544,$eprinter.
=700  1\$aPathie, Rogier,$ecomposer.
=700  1\$aSermisy, Claudin de,$dapproximately 1490-1562,$ecomposer.
=700  1\$aVilliers, Pierre de,$dactive 16th century,$ecomposer.
=710  2\$aJacques Moderne (Firm),$eprinter.
=752  \\$aFrance$dLyon.$2lcsh/naf
=856  41$uhttp://purl.org/rism/BI/1538/17$yDigitised score
=859  \\$aXLD$bDCW
=852  4\$cDRT$jDigital Store K.10.a.9.(3.)$aBritish Library$bMUSIC
=985  \\$aRecord amended for WR# 13/070
=985  \\$aname title to add; name headings need work: Nicolaus Benoist, Rogier Pathie.
=985  \\$aCorrected by MS generated file for WR# 1805-0738
=CAT  \\$aBATCH-DCW$b00$c20171221$lBLL01$h0201
=CAT  \\$a1805-0738$c20190111$lBLL01$h1808
=CAT  \\$a1805-0738$b00$c20190111$lBLL01$h1828
=FIN  \\$aY$d20171221
=LKR  \\$aPAR$lBLL01$r776$b015829735$mLe parangon des chansons. contenant xxvi chansons nouvelle au singulier prouffit & delectation des musiciens.$nLe parangon des chansons. contenant xxvi chansons nouvelle au singulier prouffit & delectation des musiciens.
=DGM  \\$a015829735$bCatBridge variable field
=DRT  \\$aDCW
=SRC  \\$aDCW$bDCW_20171220
=OHC  \\$a1
=LAS  \\$a1805-0738$b00$c20190111$lBLL01$h1828

