=LDR  05956 cm a2200781 a 4500
=001  018655086
=003  Uk
=005  20171221020103.0
=007  cr\mn\024mpada
=008  930310s1539\\\\fr\cpz\\s\\\\\\\\\\\fre\\
=FMT  \\$a  MU
=040  \\$aUk$beng$cUk
=042  \\$aukblsr
=082  14$a780$215
=130  0\$aParangon des chansons,$n4. livre.
=245  13$aLe parangon des chansons.$nQuart livre :$bcontenant xxxii chansons a deux et a troys parties, que oncques ne furent imprimees au singulier prouffit & delectation des musiciens.
=264  \1$aImprime a Lyon :$bPar Jacques Moderne dict grand Jacques pres Nostre Dame de Confort,$c1539.
=300  \\$a1 table book (2 v. ([64] pages) ;$c19 x 26 cm (oblong 4º)
=336  \\$anotated music$2rdacontent
=337  \\$acomputer$2rdamedia
=338  \\$aonline$2rdacarrier
=340  \\$m4to$2rdabf
=500  \\$aAt Signature E: LE PARANGON DES CHANSONS. / Quart liure co[n]tenant .xvi. chansons a troys parties: que / oncques ne furent imprimees au singulier prouffit & delecta / tion des Musiciens. Imprime a Lyon par Jacques Mo- / derne dict grand Jacques pres nostre dame de Confort. 1539.
=500  \\$aCollection of 32 chansons in two and three parts, for various voice combinations.
=500  \\$aCopy at K.10.a.9.(4.). 32 leaves; original foliation: [1], 2 - 17f. ; [1], 2, 19, 4, 21 - 25, 29, 27 - 33f.; paper dimensions: 180 x 240 mm.$5Uk
=500  \\$aCopy at K.10.a.9.(4.). Digitised score at http://purl.org/rism/BI/1539/18.$5Uk
=500  \\$aIn two sections, 2 voices and 3 voices, each with its own title page.
=500  \\$aSection 1 lists the contents for both sections; section 2 lists only the contents for section 2.
=500  \\$aTranscribed title page: LE PARANGON DES CHANSONS. / Quart liure contenant .xxxii. chansons a deux et a troys / parties: que oncq̅s ne furēt imprimees au singulier prouffit / & delectatiō des Musiciens. Imprime a Lyon par Jacques / Moderne dict grand Jacques pres nostre dame de Confort. 1539.
=505  0\$a[Three voices]: O hermite sai[n]ct hermite quel penitence my donres / Pignard -- La fille qui na point damy / Layolle -- Si mes amours a mongre je tenoye / Layolle -- Or suis je bien au pire / Adrien vvillart -- Jay le desir content & leffect resolu / Claudin -- Prens ton con grosse garsse noyer / Jo. Mouton -- Amour me voiant sans tristesse / Gosse -- Jayme par amours la belle au cler visage / Adrien vvillart -- Changeons propos cest trop cha[n]te damour / Claudin -- Grace & vertu bonte beaulte noblesse -- Le cueur de vous ma presence desire -- Au pres de vous secreteme[n]t demeure / Claudin -- Allons allo[n]s gay gaieme[n]t ma mignone / Adrien vvillart -- Il est en vous le bien que je desire / Claudin -- Mauldicte soit la mondaine richesse / Cosson -- Par fi[n] despit je me[n] iray seullette / Claudin.
=505  0\$a[Two voices]: Doulce memoire en plaisir consommee / Layolle -- Il me convie[n]t on tout te[m]ps et sayson / Gardane -- Vaincre na peu le temps par sa rigueur / Layolle -- Ces fascheux sotz qui mesdisent daymer / Gardane -- Aies pitie du gra[n]t mal q[ue] jendure / Claudin -- Amour partes je vous don[n]e la chasse / Heurteur -- De mon amy je suis absente / Anthonius Gardane -- Damour je suis desheritee / Claudin -- Las voulles vous que une personne chante / Anthonius Gardane -- Mon petit cueur nest point a moy / Heurteur -- Si mon maleur mi continue / Pelletier -- Disant helas fortune helas / Anthonius Gardane -- Souvent amour me livre grand tourment / Pelletier -- Au joly bois en lombre du[n]g soucy / Certon -- Entre vous gentilz galans / Anthonius Gardane -- Les bourguigno[n]s misrent le ca[m]p / Layolle --
=510  3\$aBernstein, Jane A. (ed.). The sixteenth century chanson. Vol. 25. New York and London, Garland, 1993.
=510  3\$aPogue, Samuel F., Jacques Moderne: Lyons music printer of the sixteenth century. Genève, 1969.
=510  4\$aRISM B/I,$c1539 ¹⁸
=510  4\$aRISM B/I,$c1539 ¹⁹
=546  \\$aFrench words.
=650  \0$aPolyphonic chansons.
=700  1\$aCerton, Pierre,$d-1572,$ecomposer.
=700  0\$aCosson,$ecomposer.
=700  1\$aGardane, Antonio,$d1509-1569,$ecomposer.
=700  1\$aGosse,$cMaistre,$dactive 1520-1565,$ecomposer.
=700  1\$aLayolle, Francesco de,$d1492-approximately 1540,$ecomposer.
=700  1\$aLe Heurteur, Guillaume,$ecomposer.
=700  1\$aLe Pelletier, Guillaume,$ecomposer.
=700  1\$aModerne, Jacques,$dactive 1523-1544,$eprinter.
=700  1\$aMouton, Jean,$d-1522,$ecomposer.
=700  1\$aPignard,$ecomposer.
=700  1\$aSermisy, Claudin de,$dapproximately 1490-1562,$ecomposer.
=700  1\$aWillaert, Adrian,$d1490?-1562,$ecomposer.
=710  2\$aJacques Moderne (Firm),$eprinter.
=752  \\$aFrance$dLyon.$2lcsh/naf
=856  41$uhttp://purl.org/rism/BI/1539/18$yDigitised score
=859  \\$aXLD$bDCW
=852  4\$cDRT$jDigital Store K.10.a.9.(4.)$aBritish Library$bMUSIC
=985  \\$aRecord amended for WR# 13/070
=985  \\$aname title to add; name headings need work: Guillaume Le Pelletier, Pignard, Cosson.
=985  \\$aCorrected by MS generated file for WR# 1805-0738
=CAT  \\$aBATCH-DCW$b00$c20171221$lBLL01$h0201
=CAT  \\$a1805-0738$c20190111$lBLL01$h1808
=CAT  \\$a1805-0738$b00$c20190111$lBLL01$h1828
=CAT  \\$aBATCH-UPD$b00$c20190516$lBLL01$h2020
=FIN  \\$aY$d20171221
=LKR  \\$aPAR$lBLL01$r776$b015829793$mLe parangon des chansons. contenant xxxii chansons a deux et a troys parties, que oncques ne furent imprimees au singulier prouffit & delectation des musiciens.$nLe parangon des chansons. contenant xxxii chansons a deux et a troys parties, que oncques ne furent imprimees au singulier prouffit & delectation des musiciens.
=DGM  \\$a015829793$bCatBridge variable field
=DRT  \\$aDCW
=SRC  \\$aDCW$bDCW_20171220
=OHC  \\$a1
=LAS  \\$aBATCH-UPD$b00$c20190516$lBLL01$h2020

