=LDR  05291 cm a2200781 a 4500
=001  018655087
=003  Uk
=005  20171221020103.0
=007  cr\mn\024mpada
=008  930310s1539\\\\fr\cpz\\s\\\\\\\\\\\fre\\
=FMT  \\$a  MU
=040  \\$aUk$beng$cUk
=041  \\$afre$aita
=042  \\$aukblsr
=082  14$a780$215
=130  0\$aParangon des chansons,$n5. livre.
=245  13$aLe parangon des chansons.$nCinquiesme livre :$bcontenant xxviii chansons nouvelles au singulier prouffit & delectation des musiciens.
=264  \1$aImprime a Lyon :$bPar Jacques Moderne dict grand Jacques pres Nostre Dame de Confort,$c[1539]
=300  \\$a(1 table book [64] pages) ;$c19 x 26 cm (oblong 4º)
=336  \\$anotated music$2rdacontent
=337  \\$acomputer$2rdamedia
=338  \\$aonline$2rdacarrier
=340  \\$m4to$2rdabf
=500  \\$aCollection of 28 chansons in four parts (SATB).
=500  \\$aCopy at K.10.a.9.(5). 32 leaves; original foliation: [1], 2 - 32f.; paper dimensions: 180 x 240 mm.$5Uk
=500  \\$aCopy at K.10.a.9.(5). Digitised score at http://purl.org/rism/BI/1539/20.$5Uk
=500  \\$aTranscribed title page: LE PARANGON DES CHANSONS. / Cinquiesme liure contenant .xxviii. Chāsons nouuelles / au singulier prouffit: & delectation des Musiciens / Imprime a Lyon par Jacques Moderne dict grād Jacques / pres nostre dame de / Confort.
=500  \\$aWith table of contents.
=505  0\$aPour avior paix aveuques mon desir / F. de Layolle -- Mon petit cueur resiouy toy / Valentin sohi -- Trop pl[us] q[ue] mort est aspre & dangereux / P. de Villiers -- Souspir damours pe[n]cee de plaisir / H. Fresneau -- Fortune allors que navois congnoissance / P. Clereau -- Ovy da de beau faictes luy chiere / G. Campis -- Si a taymer to[n] maintie[n] gracieulx / G. Campis -- Migno[n]s q[ue] suives la rote du dieu / H. Fresneau -- Si par faveur damour mostez le pris / L. Bourgeoys -- Mon cueur entier iay donne vrayement / F. de Lys -- Ung pouvre aymant de lamour mesdisoit / G. Coste -- Tristesse ennui doulour melencolye / P. de Villiers -- Mamye a eu le dieu de don / P. Clereau -- Frere Thibault seiourne gros & gras / Iennequin -- Rigueur me tie[n]t & doulx acueil matire / G. Coste -- Lamour premiere en jeunesse ignocente / P. Sandrin -- Ung soir bie[n] tard ie vis rola[n]t / L. Bourgeois -- Qua[n]t ie co[n]gneu en ma pe[n]see / P. Sandrin -- Si co[mm]e espoir ie nay de guarison / Maillart -- Ce moys de may comme liqueur rose / L. Bourgeois -- Elle et dendouille fria[n]de la galande / P. Clereau -- Nostre vicaire ung iourde feste / Heurteur -- Si mo[n] vouloir ne cha[n]ge de desir / Maillart -- Si leys oyseaulx navoyent espoyr sortir / G. Coste -- Une dame par ung matin / Belin -- Ung moins aymant aura peult estre mieulx / Certon -- Ne pe[n]ses pas mesdisants envieulx / F. de Lys -- Donna si raro e de vostri ochi il foco / F. de Layolle.
=510  3\$aBernstein, Jane A. (ed.). The sixteenth century chanson. Vol. 26. New York and London, Garland, 1993.
=510  3\$aPogue, Samuel F., Jacques Moderne: Lyons music printer of the sixteenth century. Genève, 1969.
=510  4\$aRISM B/I,$c1539 ²⁰
=546  \\$aFrench words, except for no. 28 in Italian.
=650  \0$aPolyphonic chansons.
=700  0\$aSandrin,$dactive 1538-1561,$ecomposer.
=700  1\$aBelin, Guillaume,$ecomposer.
=700  1\$aBourgeois, Louis,$dactive 16th century,$ecomposer.
=700  1\$aCampis, G.,$ecomposer.
=700  1\$aCerton, Pierre,$d-1572,$ecomposer.
=700  1\$aClereau, Pierre,$dactive 1539-1567,$ecomposer.
=700  1\$aCoste, Gabriel,$dactive 1538-1543,$ecomposer.
=700  1\$aFresneau, Henry,$dactive 1538-1554,$ecomposer.
=700  1\$aJanequin, Clément,$dapproximately 1495-approximately 1560,$ecomposer.
=700  1\$aLayolle, Francesco de,$d1492-approximately 1540,$ecomposer.
=700  1\$aLe Heurteur, Guillaume,$ecomposer.
=700  1\$aLys, F. De,$ecomposer.
=700  1\$aMaillard, Jean,$dactive 1538-1572,$ecomposer.
=700  1\$aModerne, Jacques,$dactive 1523-1544,$eprinter.
=700  1\$aSohier, Valentin,$ecomposer.
=700  1\$aVilliers, Pierre de,$dactive 16th century,$ecomposer.
=710  2\$aJacques Moderne (Firm),$eprinter.
=752  \\$aFrance$dLyon.$2lcsh/naf
=856  41$uhttp://purl.org/rism/BI/1539/20$yDigitised score
=859  \\$aXLD$bDCW
=852  4\$cDRT$jDigital Store K.10.a.9.(5.)$aBritish Library$bMUSIC
=985  \\$aRecord amended for WR# 13/070
=985  \\$aname title to add; name headings need work: Valentin Sohier, G. Campis, F. de Lys, Guillaume Belin.
=985  \\$aCorrected by MS generated file for WR# 1805-0738
=CAT  \\$aBATCH-DCW$b00$c20171221$lBLL01$h0201
=CAT  \\$a1805-0738$c20190111$lBLL01$h1808
=CAT  \\$a1805-0738$b00$c20190111$lBLL01$h1828
=FIN  \\$aY$d20171221
=LKR  \\$aPAR$lBLL01$r776$b015829812$mLe parangon des chansons. contenant xxviii chansons nouvelles au singulier prouffit & delectation des musiciens.$nLe parangon des chansons. contenant xxviii chansons nouvelles au singulier prouffit & delectation des musiciens.
=DGM  \\$a015829812$bCatBridge variable field
=DRT  \\$aDCW
=SRC  \\$aDCW$bDCW_20171220
=OHC  \\$a1
=LAS  \\$a1805-0738$b00$c20190111$lBLL01$h1828

