=LDR  05199 cm a2200781 a 4500
=001  018655088
=003  Uk
=005  20171221020103.0
=007  cr\mn\024mpada
=008  930310s1540\\\\fr\cpz\\s\\\\\\\\\\\fre\\
=FMT  \\$a  MU
=040  \\$aUk$beng$cUk
=042  \\$aukblsr
=082  14$a780$215
=130  0\$aParangon des chansons,$n6. livre.
=245  13$aLe parangon des chansons.$nSixiesme livre :$bcontenant xxv chansons nouvelles au singulier prouffit & delectation des musiciens.
=264  \1$aImprime a Lyon :$bPar Jacques Moderne dict grand Jacques pres Nostre Dame de Confort,$c1540.
=300  \\$a1 table book ([64] pages) ;$c19 x 26 cm (oblong 4º)
=336  \\$anotated music$2rdacontent
=337  \\$acomputer$2rdamedia
=338  \\$aonline$2rdacarrier
=340  \\$m4to$2rdabf
=500  \\$aCollection of 25 chansons in four parts (SATB).
=500  \\$aCopy at K.10.a.9.(6). 32 leaves; original foliation: [1], 2 - 32f.; paper dimensions: 180 x 240 mm.$5Uk
=500  \\$aCopy at K.10.a.9.(6). Digitised score at http://purl.org/rism/BI/1540/16.$5Uk
=500  \\$aTranscribed title page: LE PARANGON DES CHANSONS. / Sixiesme liure contenant .xxv. Chansons nouuelles au / singulier prouffit: & delectation des Musiciens. / Imprime a Lyon par Jacques Moderne dict grād Jacques / pres nostre dame de / Confort. 1540
=500  \\$aWith table of contents.
=505  0\$aEstans assis au rives aquaticques de Babilon La seconde partie. Triollet las dismes nous co[m]me[n]t [Troisieme partie] Or do[n]c seign[eu]r e[n] ta me[m]oir / Abel -- Ie noeroys le pencer veritable / P. de Villiers -- Amy si vo[us] voulez scavoir / A. Francon -- May gratieux reuerdissant / C. Cordeilles -- Le ieu me[n]nuye iouez mamye / H. Fresneau -- En lieu du bien que deux souloit prete[n]dre / F. de Lys -- Celle fillete a qui le tetin point / G. Coste -- Au despourueu le no[n] voya[n]t gecta / C. Cordeilles -- Plus oultre iay voulu marcher / Lupi -- Ie layme tant quelle men aymera / G. de la Moeulle -- Las si mo[n] cueur eut mis en aultre p[ar]t / Ia. Buus -- Preste moy lu[n]g de tes yeulx bien aprins / P. de Villiers -- Sus do[n]c fascheux ostes vo[us] elle cri / G. Coste -- Si iay ayme legierement / De Porta -- Iamais ung cueur qui est damour embrazer / Lupi -- Las q[ue] mo[n] dueil ne peult finit ma vie / I. Berchem -- Contre les dardz poinctu & furieulx / F. de Lys -- Doulx p[re]ferer de bouche tante heureuse / C. Cordeilles -- O de doulceur certaine preference / G. Coste -- Secouhez moy ie suis toute pleineuse / F. de Lys -- Asseurez vo[us] de mo[n] cueur & de moy / Bourguignon -- Vivre ne puis co[n]tent sa[n]s ma maistresse / Certon -- On le ma dict dague a rouelle / Certon -- Si contre amour ie nay peu resister / Maillart -- Ie pre[n]s en gre la dure mort / Iennequin.
=510  3\$aBernstein, Jane A. (ed.). The sixteenth century chanson. Vol. 26. New York and London, Garland, 1993.
=510  3\$aPogue, Samuel F., Jacques Moderne: Lyons music printer of the sixteenth century. Genève, 1969.
=510  4\$aRISM B/I,$c1540 ¹⁶
=546  \\$aFrench words.
=650  \0$aPolyphonic chansons.
=700  0\$aBalthasar,$cde Porta,$ecomposer.
=700  1\$aAbel,$d16th century,$ecomposer.
=700  1\$aBerchem, Jachet de,$dactive 16th century,$ecomposer.
=700  1\$aBourguignon,$ecomposer.
=700  1\$aBuus, Giacques,$d-1565,$ecomposer.
=700  1\$aCerton, Pierre,$d-1572,$ecomposer.
=700  1\$aCordeilles, Charles,$ecomposer.
=700  1\$aCoste, Gabriel,$dactive 1538-1543,$ecomposer.
=700  1\$aFrancon, A.,$ecomposer.
=700  1\$aFresneau, Henry,$dactive 1538-1554,$ecomposer.
=700  1\$aJanequin, Clément,$dapproximately 1495-approximately 1560,$ecomposer.
=700  1\$aLa Moeulle, Guillaume,$ecomposer.
=700  1\$aLupi, Johannes,$d-1539,$ecomposer.
=700  1\$aLys, F. De,$ecomposer.
=700  1\$aMaillard, Jean,$dactive 1538-1572,$ecomposer.
=700  1\$aModerne, Jacques,$dactive 1523-1544,$eprinter.
=700  1\$aVilliers, Pierre de,$dactive 16th century,$ecomposer.
=710  2\$aJacques Moderne (Firm),$eprinter.
=752  \\$aFrance$dLyon.$2lcsh/naf
=856  41$uhttp://purl.org/rism/BI/1540/16$yDigitised score
=859  \\$aXLD$bDCW
=852  4\$cDRT$jDigital Store K.10.a.9.(6.)$aBritish Library$bMUSIC
=985  \\$aRecord amended for WR# 13/070
=985  \\$aname title to add; name headings need work: Abel, A. Francon, Charles Cordeilles, Guillaume La Moeulle, F. de Lys, Bourguignon.
=985  \\$aCorrected by MS generated file for WR# 1805-0738
=CAT  \\$aBATCH-DCW$b00$c20171221$lBLL01$h0201
=CAT  \\$a1805-0738$c20190111$lBLL01$h1808
=CAT  \\$a1805-0738$b00$c20190111$lBLL01$h1828
=FIN  \\$aY$d20171221
=LKR  \\$aPAR$lBLL01$r776$b015829839$mLe parangon des chansons. contenant xxv chansons nouvelles au singulier prouffit & delectation des musiciens.$nLe parangon des chansons. contenant xxv chansons nouvelles au singulier prouffit & delectation des musiciens.
=DGM  \\$a015829839$bCatBridge variable field
=DRT  \\$aDCW
=SRC  \\$aDCW$bDCW_20171220
=OHC  \\$a1
=LAS  \\$a1805-0738$b00$c20190111$lBLL01$h1828

