=LDR  05491 cm a2200853 a 4500
=001  018655089
=003  Uk
=005  20171221020103.0
=007  cr\mn\024mpada
=008  930310s1540\\\\fr\cpz\\s\\\\\\\\\\\fre\\
=FMT  \\$a  MU
=040  \\$aUk$beng$cUk
=042  \\$aukblsr
=082  14$a780$215
=130  0\$aParangon des chansons,$n7. livre.
=245  13$aLe parangon des chansons.$nSeptiesme livre :$bcontenant xxvii chansons nouvelles au singulier prouffit & delectation des musiciens.
=264  \1$aImprime nouvellement a Lyon :$bPar Jacques Moderne dict grand Jacques pres Nostre Dame de Confort,$c1540.
=300  \\$a1 table book ([64] pages) ;$c19 x 26 cm (oblong 4º)
=336  \\$anotated music$2rdacontent
=337  \\$acomputer$2rdamedia
=338  \\$aonline$2rdacarrier
=340  \\$m4to$2rdabf
=500  \\$aCollection of 27 chansons in four parts (SATB).
=500  \\$aCopy at K.10.a.9.(7). 32 leaves; original foliation: [1], 2 - 33f.; paper dimensions: 180 x 240 mm.$5Uk
=500  \\$aCopy at K.10.a.9.(7). Digitised score at http://purl.org/rism/BI/1540/17.$5Uk
=500  \\$aTranscribed title page: LE PARANGON DES CHANSONS. / Septiesme liure contenant .xxvii. chansons nouuelles au / singulier puffit: & delectation des Musiciens. Imprime nou- / uellement a Lyon par Jacques Moderne dict grād Jacques / pres nostre dame de / Confort. 1540.
=500  \\$aWith table of contents.
=505  0\$aLe mien desir que lo[n]gte[m]ps a chasse / G. de la Moeulle -- Sur tous amans le moins heureulx / I. Berchem -- Cest trop ayme sans avoir recompence / Cadeac -- Aimer ne veulx dames de grant beaulte / Certon -- Puisque de moy navez ferme fiance / Artins -- Or vien ca vie[n] mamye perrette / Jennequin -- Damour me plains et non de vous mamye / Rogier -- Ung vieillart amoureux est souvent malcontent / Jennequin -- Martin menoit son pourceau au marche / Jennequin -- Ung coup dessay premier que baille gaige / Jennequin -- Mais ma mignonne aux tetins descouvers / Jennequin -- Celle qui fut de beaulte se louable / P. Sandrin -- Ung peu plus hault ung peu plus bas / Passereau -- Le rossignol plaisant & gracieulx / Mitantier -- Vous perdes te[m]ps de me dire mal delle / Claudin -- Montez soubdain que la beste ne rue / H. Fresneau -- Dictes pourquoy vostre amytie sefface / Maille -- Pleurez mes yeulx pour la dure deffance / P. Sandrin -- Vien soulas nous rendre las / G. Coste -- Veno[n]s au poinct cest trop eu da langaige / Maillard -- Mes durs ennuys fontaine ont seichee / C. Cordeilles -- Je ne pourroys ta fermete blasmer / Morpain -- Ung jour passé avec collette / Le Hugier -- Jhean de lagny mo[n] bel amy / Ja. Berchem -- Le bon espoir guerist la mienne / Patinge -- Le doulx penser & regret langoureux / Tetart -- On doibt bien aymer le bon vin / A. Barbe.
=510  3\$aBernstein, Jane A. (ed.). The sixteenth century chanson. Vol. 27. New York and London, Garland, 1993.
=510  3\$aPogue, Samuel F., Jacques Moderne: Lyons music printer of the sixteenth century. Genève, 1969.
=510  4\$aRISM B/I,$c1540 ¹⁷
=546  \\$aFrench words.
=650  \0$aPolyphonic chansons.
=700  0\$aSandrin,$dactive 1538-1561,$ecomposer.
=700  1\$aArtins,$ecomposer.
=700  1\$aBarbe, Antoine,$d-1564$c(Composer)
=700  1\$aBerchem, Jachet de,$dactive 16th century,$ecomposer.
=700  1\$aBourguignon,$ecomposer.
=700  1\$aCadéac, Pierre,$ecomposer.
=700  1\$aCerton, Pierre,$d-1572,$ecomposer.
=700  1\$aCordeilles, Charles,$ecomposer.
=700  1\$aCoste, Gabriel,$dactive 1538-1543,$ecomposer.
=700  1\$aFresneau, Henry,$dactive 1538-1554,$ecomposer.
=700  1\$aJanequin, Clément,$dapproximately 1495-approximately 1560,$ecomposer.
=700  1\$aLa Moeulle, Guillaume,$ecomposer.
=700  1\$aLe Hugier,$ecomposer.
=700  1\$aMaillard, Jean,$dactive 1538-1572,$ecomposer.
=700  1\$aMaille,$ecomposer.
=700  1\$aMittantier,$dactive 1536-1547,$ecomposer.
=700  1\$aModerne, Jacques,$dactive 1523-1544,$eprinter.
=700  1\$aMorpain,$ecomposer.
=700  1\$aPassereau, Pierre,$dactive 1509-1547,$ecomposer.
=700  1\$aPathié, Rogier,$ecomposer.
=700  1\$aPatinge,$ecomposer.
=700  1\$aSermisy, Claudin de,$dapproximately 1490-1562,$ecomposer.
=700  1\$aTetart,$ecomposer.
=710  2\$aJacques Moderne (Firm),$eprinter.
=752  \\$aFrance$dLyon.$2lcsh/naf
=856  41$uhttp://purl.org/rism/BI/1540/17$yDigitised score
=859  \\$aXLD$bDCW
=852  4\$cDRT$jDigital Store K.10.a.9.(7.)$aBritish Library$bMUSIC
=985  \\$aRecord amended for WR# 13/070
=985  \\$aname title to add; name headings need work: Artins, Rogier Pathié, Charles Cordeilles, Guillaume La Moeulle, Le Hugier, Patinge, Tetart, Bourguignon.
=985  \\$aCorrected by MS generated file for WR# 1805-0738
=CAT  \\$aBATCH-DCW$b00$c20171221$lBLL01$h0201
=CAT  \\$a1805-0738$c20190111$lBLL01$h1808
=CAT  \\$a1805-0738$b00$c20190111$lBLL01$h1828
=FIN  \\$aY$d20171221
=LKR  \\$aPAR$lBLL01$r776$b015829848$mLe parangon des chansons. contenant xxvii chansons nouvelles au singulier prouffit & delectation des musiciens.$nLe parangon des chansons. contenant xxvii chansons nouvelles au singulier prouffit & delectation des musiciens.
=DGM  \\$a015829848$bCatBridge variable field
=DRT  \\$aDCW
=SRC  \\$aDCW$bDCW_20171220
=OHC  \\$a1
=LAS  \\$a1805-0738$b00$c20190111$lBLL01$h1828

