=LDR  05636 cm a2200817 a 4500
=001  018655090
=003  Uk
=005  20171221020103.0
=007  cr\mn\024mpada
=008  930310s1541\\\\fr\cpz\\s\\\\\\\\\\\fre\\
=FMT  \\$a  MU
=040  \\$aUk$beng$cUk
=041  \\$afre$alat
=042  \\$aukblsr
=082  14$a780$215
=130  0\$aParangon des chansons,$n8. livre.
=245  13$aLe parangon des chansons.$nHuytiesme livre :$bcontenant xxx chansons nouvelles au singulier prouffit & delectation des musiciens.
=264  \1$aImprime nouvellement a Lyon :$bPar Jacques Moderne dict grand Jacques pres Nostre Dame de Confort,$c1541.
=300  \\$a1 table book ([64] pages) ;$c19 x 26 cm (oblong 4º)
=336  \\$anotated music$2rdacontent
=337  \\$acomputer$2rdamedia
=338  \\$aonline$2rdacarrier
=340  \\$m4to$2rdabf
=500  \\$aCollection of 28 chansons in four parts (SATB) and 2 three-part Latin motets.
=500  \\$aCopy at K.10.a.9.(8). 32 leaves; original foliation: [1], 2 - 31, 33, 35f.; paper dimensions: 180 x 240 mm.$5Uk
=500  \\$aCopy at K.10.a.9.(8). Digitised score at http://purl.org/rism/BI/1541/7.$5Uk
=500  \\$aTranscribed title page: LE PARANGON DES CHANSONS. / Huytiesme liure contenant .xxx. Chansons nouuelles au / singulier puffit: & delectation des Musiciens. Imprime nou- / uellement a Lyon par Jacques Moderne dict grād Jacques / pres nostre dame de / Confort. 1541.
=500  \\$aWith table of contents.
=505  0\$aSi tu voulloys mon amour acquerir / P. de Villiers -- Par ton seul bien ma jeunesse est heureuse / Maillard -- Lo meissony sus lo sey se retire / P. de Villiers -- Les encaveux qui sont en lherberie / G. de la Moeulle -- Je ne scay combine haine dure / G. Coste -- Frere bidault fist par so[n] art & par sa priere / Forestier -- A mon advis a femme mieulx vauldroit / G. Coste -- O cruaulte qui mas mis en tes las / Forestier -- Deux cueurs voula[n]s par fermete louable / P. Sandrin -- Vous mavies vostre cueur donne / Mornable -- Celle qui est deda[n]s mon cueur empraincte / Ja. Berchem -- Donne me fut des cieulx a ma naissance / De lattre -- Moins je la veulx plus men croist le desir / Mittantier -- Que nest elle aupres de moy celle qui jayme / Certon -- A qui me doibz je retirer / Maille -- Le veoir louyr le parler lattoucher / P. de Villiers -- Trop plus que heureux sont les amans parfaitz / Le Hugier -- Que feu craintif ma cause grant martyre / J. Berchem -- Est il nul mal si rigoureux au monde / P. de Villiers -- Il nest tresor que de lyesse / Lupi -- La nuict passee en mon lict je songeoye / A. Mornable -- Ayant son cueur rompu la loyaulte / Maillard -- Ma pouvre bource a mal au cueur / Lupi -- Contente ou non il fault que je lendure / V. Sohier -- Vouldries vous bien estant de vous aymee / Maille -- Si dieu vouloi pour ung jour seulleme[n]t / Mornable -- Helas amour je pensoye bien avoir / Godart -- O triste adieu qui tant ma mescontente / Certon -- Consecratio mensae. [Begins] Quicquid appositum est / P. Maessins -- Hymnus & gratiarum action post sumptu[m] cibu[m]. [Begins] Gloria tibi domine / P. Maessins.
=510  3\$aBernstein, Jane A. (ed.). The sixteenth century chanson. Vol. 27. New York and London, Garland, 1993.
=510  3\$aPogue, Samuel F., Jacques Moderne: Lyons music printer of the sixteenth century. Genève, 1969.
=510  4\$aRISM B/I,$c1541 ⁷
=546  \\$aFrench or Latin words.
=650  \0$aMotets.
=650  \0$aPolyphonic chansons.
=700  0\$aSandrin,$dactive 1538-1561,$ecomposer.
=700  1\$aBerchem, Jachet de,$dactive 16th century,$ecomposer.
=700  1\$aCerton, Pierre,$d-1572,$ecomposer.
=700  1\$aCoste, Gabriel,$dactive 1538-1543,$ecomposer.
=700  1\$aDe Latre, Petit Jean,$dapproximately 1510-1569,$ecomposer.
=700  1\$aForestier, Mathurin,$dactive approximately 1500,$ecomposer.
=700  1\$aGodard, Robert,$dactive 1536-1560,$ecomposer.
=700  1\$aLa Moeulle, Guillaume,$ecomposer.
=700  1\$aLe Hugier,$ecomposer.
=700  1\$aLupi, Johannes,$d-1539,$ecomposer.
=700  1\$aMaessins, Pieter,$dapproximately 1505-1562,$ecomposer.
=700  1\$aMaillard, Jean,$dactive 1538-1572,$ecomposer.
=700  1\$aMaille,$ecomposer.
=700  1\$aMittantier,$dactive 1536-1547,$ecomposer.
=700  1\$aModerne, Jacques,$dactive 1523-1544,$eprinter.
=700  1\$aMornable, Antoine,$dactive 1530-1553,$ecomposer.
=700  1\$aSohier, Valentin,$ecomposer.
=700  1\$aVilliers, Pierre de,$dactive 16th century,$ecomposer.
=710  2\$aJacques Moderne (Firm),$eprinter.
=752  \\$aFrance$dLyon.$2lcsh/naf
=856  41$uhttp://purl.org/rism/BI/1541/7$yDigitised score
=859  \\$aXLD$bDCW
=852  4\$cDRT$jDigital Store K.10.a.9.(8.)$aBritish Library$bMUSIC
=985  \\$aRecord amended for WR# 13/070
=985  \\$aname title to add; name headings need work: Guillaume La Moeulle, Valentin Sohier, Le Hugier.
=985  \\$aCorrected by MS generated file for WR# 1805-0738
=CAT  \\$aBATCH-DCW$b00$c20171221$lBLL01$h0201
=CAT  \\$a1805-0738$c20190111$lBLL01$h1808
=CAT  \\$a1805-0738$b00$c20190111$lBLL01$h1828
=FIN  \\$aY$d20171221
=LKR  \\$aPAR$lBLL01$r776$b015829862$mLe parangon des chansons. contenant xxx chansons nouvelles au singulier prouffit & delectation des musiciens.$nLe parangon des chansons. contenant xxx chansons nouvelles au singulier prouffit & delectation des musiciens.
=DGM  \\$a015829862$bCatBridge variable field
=DRT  \\$aDCW
=SRC  \\$aDCW$bDCW_20171220
=OHC  \\$a1
=LAS  \\$a1805-0738$b00$c20190111$lBLL01$h1828

