=LDR  05584 cm a2200793 a 4500
=001  018655091
=003  Uk
=005  20171221020103.0
=007  cr\mn\024mpada
=008  930310s1541\\\\fr\cpz\\s\\\\\\\\\\\fre\\
=FMT  \\$a  MU
=040  \\$aUk$beng$cUk
=041  \\$afre$aita
=042  \\$aukblsr
=082  14$a780$215
=130  0\$aParangon des chansons,$n9. livre.
=245  13$aLe parangon des chansons.$nNeufviesme livre :$bcontenant xxxi chansons nouvelles au singulier prouffit & delectation des musiciens.
=264  \1$aImprime nouvellement a Lyon :$bPar Jacques Moderne dict grand Jacques pres Nostre Dame de Confort,$c1541.
=300  \\$a1 table book ([64] pages) ;$c19 x 26 cm (oblong 4º)
=336  \\$anotated music$2rdacontent
=337  \\$acomputer$2rdamedia
=338  \\$aonline$2rdacarrier
=340  \\$m4to$2rdabf
=500  \\$aCollection of 31 chansons in four parts (SATB).
=500  \\$aCopy at K.10.a.9.(9). 32 leaves; original foliation: [1], 2 - 25, 28, 27, 26, 29 - 32 f.; paper dimensions: 180 x 240 mm.$5Uk
=500  \\$aCopy at K.10.a.9.(9). Digitised score at http://purl.org/rism/BI/1541/8.$5Uk
=500  \\$aTranscribed title page: LE PARANGON DES CHANSONS. / Neufuiesme liure cōtenant .xxxi. Chansons nouuelles au / singulier prouffit: & delectation des Musiciens. Imprime / nouuellement a Lyon par Jacques Moderne dict grand / Jacques pres nostre dame de / Confort. 1541.
=500  \\$aWith table of contents.
=505  0\$aSi dung seul mal amour en a faict deux / P. de Villiers -- Le corps ruay lame sen esmerveille / G. Coste -- Hellas amy je co[n]gnoys bien / Sandrin -- Tant de travail me co[n]vient il souffrir / N. Gombert -- Le gra[n]d desir du plaisir admirable / F. de Lys -- Du corps absent le cueur je te presente / Maillard -- Du corps absent le cueur je te presente / Certon -- Retirez vous petis vers miste / G. Costa -- Maulgre des Turcqs & les intellige[n]ces / Ja. Buus -- Le souvenir de mon bien me rend triste / Maillard -- Je suis tant bien voyre tant bie[n] encores / Claudin -- Voyez le tort damour & de fortune / Sandrin -- Las quo[n] co[n]gneust mon vouloir sans le dire / Certon -- Il estoit une fillette qui vouloit / Jennequin -- Comme[n]t mes yeulx auries vous bie[n] / Sandrin -- Le feu q[ui] mard ne peult estre desteinct / Ja. Buus -- Force damour souve[n]t me veult co[n]trai[n]dre / P. de villier -- Serves la bien corido[n] la brunette / Ja. Buus -- De tante aymer sans avoir joyssance / Maillard -- Las me fault il tant de mal supporter / Maille -- Il ne laura pas pas pas toute pucelle / Carpentras -- Puis que ton cueur me veulx donc presenter / Maillard -- Venes venes veoir venes veoir margot mamye / Carpentras -- Pour ung sembla[n]t q[eu] une dam[m]e [ma] faict / Lupi -- De lo[n]g travail heureuse reco[m]pense / Isaac Lhiretier -- Tout mo[n] vouloir & tout mo[n] pe[n]seme[n]t / Mostiers -- Dame qui as lesprit & la beaulte / P. de Villiers -- Mon cueur elist pour toy la Marguerite / N. Gombert -- Las plus je viz plus ie suis malheureuse / P. de Villiers -- Chi l'eta sua piu verde e piu fiorita / P. de Villiers -- De ceulx q[ui] ta[n]t de mon bien se tormentent / Maillard.
=510  3\$aBernstein, Jane A. (ed.). The sixteenth century chanson. Vol. 28. New York and London, Garland, 1993.
=510  3\$aPogue, Samuel F., Jacques Moderne: Lyons music printer of the sixteenth century. Genève, 1969.
=510  4\$aRISM B/I,$c1541 ⁸
=546  \\$aFrench words, except for no. 30 in Italian.
=650  \0$aPolyphonic chansons.
=700  0\$aCarpentras,$dapproximately 1470-1548,$ecomposer.
=700  0\$aSandrin,$dactive 1538-1561,$ecomposer.
=700  1\$aBerchem, Jachet de,$dactive 16th century,$ecomposer.
=700  1\$aBuus, Giacques,$d-1565,$ecomposer.
=700  1\$aCerton, Pierre,$d-1572,$ecomposer.
=700  1\$aCoste, Gabriel,$dactive 1538-1543,$ecomposer.
=700  1\$aGombert, Nicolas,$dactive 16th century,$ecomposer.
=700  1\$aJanequin, Clément,$dapproximately 1495-approximately 1560,$ecomposer.
=700  1\$aLhéritier, Jean,$ecomposer.
=700  1\$aLupi, Johannes,$d-1539,$ecomposer.
=700  1\$aLys, F. de,$ecomposer.
=700  1\$aMaillard, Jean,$dactive 1538-1572,$ecomposer.
=700  1\$aMaille,$ecomposer.
=700  1\$aModerne, Jacques,$dactive 1523-1544,$eprinter.
=700  1\$aMostiers,$ecomposer.
=700  1\$aSermisy, Claudin de,$dapproximately 1490-1562,$ecomposer.
=700  1\$aVilliers, Pierre de,$dactive 16th century,$ecomposer.
=710  2\$aJacques Moderne (Firm),$eprinter.
=752  \\$aFrance$dLyon.$2lcsh/naf
=856  41$uhttp://purl.org/rism/BI/1541/8$yDigitised score
=859  \\$aXLD$bDCW
=852  4\$cDRT$jDigital Store K.10.a.9.(9.)$aBritish Library$bMUSIC
=985  \\$aRecord amended for WR# 13/070
=985  \\$aname title to add; name headings need work: F. de Lys, Mostiers.
=985  \\$aCorrected by MS generated file for WR# 1805-0738
=CAT  \\$aBATCH-DCW$b00$c20171221$lBLL01$h0201
=CAT  \\$a1805-0738$c20190111$lBLL01$h1808
=CAT  \\$a1805-0738$b00$c20190111$lBLL01$h1828
=FIN  \\$aY$d20171221
=LKR  \\$aPAR$lBLL01$r776$b015829879$mLe parangon des chansons. contenant xxxi chansons nouvelles au singulier prouffit & delectation des musiciens.$nLe parangon des chansons. contenant xxxi chansons nouvelles au singulier prouffit & delectation des musiciens.
=DGM  \\$a015829879$bCatBridge variable field
=DRT  \\$aDCW
=SRC  \\$aDCW$bDCW_20171220
=OHC  \\$a1
=LAS  \\$a1805-0738$b00$c20190111$lBLL01$h1828

