=LDR  04995ccm a2200745 a 4500
=001  018656414
=003  Uk
=005  20230912154123.0
=007  cr\mn\024mpada
=008  930310s1554\\\\fr\cpz\\s\\\\\\\\\\\fre\\
=FMT  \\$a  MU
=019  d\$acc08190010
=040  \\$aUk$beng$cUk
=041  \\$afre$aita
=042  \\$aukblsr
=082  14$a780$215
=245  00$aPremier recueil de chansons, composées à quatre parties /$cpar bons & excellents musiciens, imprimées en quatre volumes.
=260  \\$aA Paris :$bDe l'imprimerie, d'Adrian le Roy, & Robert Balard, imprimeurs du Roy, rue S. Jean de Beauvais, à l'enseigne S. Geneiveve,$c1554.
=300  \\$a4 part books ;$c10 x 15 cm, oblong 16o
=336  \\$anotated music$2rdacontent
=337  \\$acomputer$2rdamedia
=338  \\$aonline$2rdacarrier
=500  \\$aCollection of 27 four-part chansons (SATB).
=500  \\$aCopy at K.8.i.4.(1.). Bassus (16 leaves); original foliation: [1] 2 - 16 f.; paper dimensions: 90 x 140 mm.$5Uk
=500  \\$aCopy at K.8.i.4.(1.). Digitised score at http://purl.org/rism/BI/1554/25.$5Uk
=500  \\$aTitle from Bassus part book.
=500  \\$aTranscribed title page from Bassus part book: PREMIER RECVEIL DE CHAN- / sons, composées à quatre parties par bons & excellents musiciens, / Imprimées en quatre volumes. / BASSVS. / A PARIS. / De l'imprimerie, d'Adrian le Roy, & Robert Balard, Imprimeurs du Roy, / rue S. Iean de Beauuais, à l'enseigne S. Geneiueue. / 1554.
=500  \\$aWith table of contents.
=505  0\$aHors enuieus retirez vous d'icy / Gombert -- Si la promesse m'est tenue / Maillard -- M'amie un iour le Dieu Mars desarma / Certon -- Ie cherche autant amour & le desire / Boyvin -- Si i'ay du bien, helas c'est par mensonge / Sandrin -- La volonté si longtemps endormie / Sandrin -- Amour voyant l'ennuy que tant m'oppresse / Claudin -- Si vo[us] la baisez co[n]tez / Maillard -- Veu le grief mal que longuement i'endure / De Viliers -- Qui souhaittez avoir tout le plaisir / De Bussy -- Il ne se trouve en amytié / Sandrin -- Douce memoire en plaisir consommé / Sandrin -- Nostre-dince mo[n] co[m]pere / Maillard -- Ie suis desheritée puis que i'ay perdu mon amy / Cadeac -- Au feu au feu venez moy secourir / Maillard -- Sy mon travail vous peut donner plaisir / Sandrin -- Pleurez mes yeus por la dure deffence / Sandrin -- Ce qui m'est deu & ordonné / Sandrin -- Au temps heureus q[ue] ma iuene ignora[n]ce / Arcadelt -- Mon pensement, ne git qu'en vostre fait / Gombert -- Reviens vers moy qui suis tant desolée / Lupy -- De qui plus-tost maintena[n]t me dois plaindre / Sandrin -- M'amye est tant ho[n]este & saige / Sandrin -- Un advocat dit à sa femme / De La Font -- Ie sens l'affection qui à moy se vient rendre / Boyvin -- L'oeil trop hardy si haut lieu regarda / Cadeac -- O passi sparsi, ô pensier vaghi, e pronti / Const. Festa.
=510  4\$aLesure, François and Thibault, Geneviève, Bibliographie des éditions D'Adrian Le Roy et Robert Ballard (1551-1598) (Paris: Société Française de Musicologie, 1955),$c59
=510  4\$aRISM B/I,$c1554 ²⁵
=546  \\$aFrench and Italian words.
=650  \0$aPolyphonic chansons.
=700  0\$aSandrin,$dactive 1538-1561,$ecomposer.
=700  1\$aArcadelt, Jacob,$dapproximately 1505-1568,$ecomposer.
=700  1\$aBallard, Robert,$d-1588,$eprinter.
=700  0\$aBoyvin,$dactive approximately 1540-approximately 1545,$ecomposer.
=700  1\$aCadéac, Pierre,$ecomposer.
=700  1\$aCerton, Pierre,$d-1572,$ecomposer.
=700  1\$aDe Bussy,$dactive 1553-1583.$ecomposer,
=700  1\$aDelafont,$ecomposer.
=700  1\$aFesta, Costanzo,$d-1545,$ecomposer.
=700  1\$aGombert, Nicolas,$dactive 16th century,$ecomposer.
=700  1\$aLe Roy, Adrian,$dapproximately 1520-1598,$eprinter.
=700  1\$aLupi, Johannes,$d-1539,$ecomposer.
=700  1\$aMaillard, Jean,$dactive 1538-1572,$ecomposer.
=700  1\$aSermisy, Claudin de,$dapproximately 1490-1562,$ecomposer.
=700  1\$aVilliers, Pierre de,$dactive 16th century,$ecomposer.
=710  2\$aAdrian Le Roy & Robert Ballard (Firm),$eprinter.
=752  \\$aFrance$dParis.$2lcsh/naf
=856  41$uhttp://purl.org/rism/BI/1554/25$yDigitised score
=859  \\$aXLD$bDCW
=852  4\$aBritish Library$bMUSIC$cDRT$jDigital Store K.8.i.4.(1.)
=985  \\$aRecord amended for WR# 13/070
=985  \\$aname title to add
=CAT  \\$aBATCH-DCW$b00$c20171222$lBLL01$h0201
=CAT  \\$a8962$b40$c20190430$lBLL01$h0755
=CAT  \\$aMFISHER$b40$c20230912$lBLL01$h1541
=FIN  \\$aY$d20171222
=LKR  \\$aPAR$lBLL01$r776$b004263540$mPremier recueil de chansons, composées à quatre parties /$nPremier recueil de chansons, composées à quatre parties /
=DGM  \\$a004263540$bCatBridge variable field
=DRT  \\$aDCW
=SRC  \\$aDCW$bDCW_20171221
=OHC  \\$a2
=LAS  \\$aMFISHER$b40$c20230912$lBLL01$h1541

