=LDR  04738 cm a2200733 a 4500
=001  018656415
=003  Uk
=005  20171222020113.0
=007  cr\mn\024mpada
=008  930310s1555\\\\fr\cpz\\s\\\\\\\\\\\fre\\
=FMT  \\$a  MU
=019  d\$acc08190011
=040  \\$aUk$beng$cUk
=042  \\$aukblsr
=082  14$a780$215
=245  00$aSecond recueil de chansons, composées à quatre parties /$cpar bons & excellents musiciens, imprimées en quatre volumes.
=264  \1$aA Paris :$bDe l'imprimerie, d'Adrian le Roy & Robert Balard, imprimeurs du Roy, rue S. Jean de Beauvais, à l'enseigne S. Genevieve,$c1555.
=300  \\$a4 part books ;$c10 x 15 cm (oblong 16º)
=336  \\$anotated music$2rdacontent
=337  \\$acomputer$2rdamedia
=338  \\$aonline$2rdacarrier
=340  \\$m16mo$2rdabf
=500  \\$aCollection of 24 chansons in four parts (SATB).
=500  \\$aCopy at K.8.i.4.(1.). Bassvs (16 leaves); original foliation: [1], 2-16 f.; paper dimensions: 90 x 140mm.$5Uk
=500  \\$aCopy at K.8.i.4.(1.). Digitised score at http://purl.org/rism/BI/1555/23.$5Uk
=500  \\$aTitle from Bassus part book.
=500  \\$aTranscribed title page from bassus part book: SECOND RECVEIL DE CHANSONS, / COMPOSEES A QVATRE PAR- / ties, par bons & excellents Musiciens, Impri- / mées en quatre volumes. / BASSVS. / A PARIS. / De l'imprimerie, d'Adrian le Roy, & Robert Balard, Imprimeurs du Roy, / rue S. Iean de Beauuais, à l'enseigne S. Geneuieue. / 1555.
=500  \\$aWith table of contents at the end.
=505  0\$aDoulce esperance esueillez vostre coeur / Iacquet -- Surtous regrets les meins plus piteux pleurent / Richafort -- L'autre iour de bon matin / Maillard -- A l'umbre d'un verd buisson / Maillard -- Margot un jour estant à ses esbats / Maillard -- Vray dieu ta[n]t i'ay le coeur gay / Vassal -- Ie fille quand dieu m'y donne de quoy / Gosse -- Mais pourquoy n'oze lon prendre / Sandrin -- Parton regard tu me fais esperer / Claudin -- Le content est riche en ce monde / Claudin -- Si par fortune avez mo[n] coeur acquis / Certon -- Force d'amour souve[n]t me veult / Villiers -- Il est bel & bo[n] co[m]mere / Passereau -- Au pres de vous secretement demuere / Claudin -- Vivre ne puis, content, sans sa presence / Claudin -- Contre raison vous m'estes fort estra[n]ge / Claudin -- Celle qui m'a tant pourmené / Claudin -- Contentez vous amy de la pensée / Claudin -- Ce qui souloit en deux se despartir / Sandrin -- Content desir, qui cause ma douleur / Claudin -- Maudicte soit la mondaine richesse / Claudin -- Elle voyant approcher mon depart / Certon -- Voyant souffrir celle qui me tourmente / Iacotin -- Contentement, combien que soit gra[n]d chose / Iacotin.
=510  4\$aLesure, François and Thibault, Geneviève, Bibliographie des éditions D'Adrian Le Roy et Robert Ballard (1551-1598) (Paris: Société Française de Musicologie, 1955),$c59
=510  4\$aRISM B/I,$c1555 ²³
=546  \\$aFrench words.
=650  \0$aPolyphonic chansons.
=700  0\$aJacotin,$ecomposer.
=700  0\$aJacquet,$cof Mantua,$d1483-1559,$ecomposer.
=700  0\$aSandrin,$dactive 1538-1561,$ecomposer.
=700  1\$aBallard, Robert,$d-1588,$eprinter.
=700  1\$aCerton, Pierre,$d-1572,$ecomposer.
=700  1\$aGosse,$cMaistre,$dactive 1520-1565,$ecomposer.
=700  1\$aLe Roy, Adrian,$dapproximately 1520-1598,$eprinter.
=700  1\$aMaillard, Jean,$dactive 1538-1572,$ecomposer.
=700  1\$aPassereau, Pierre,$dactive 1509-1547,$ecomposer.
=700  1\$aRichafort, Jean,$dactive 1507-1548,$ecomposer.
=700  1\$aSermisy, Claudin de,$dapproximately 1490-1562,$ecomposer.
=700  1\$aVassal,$d16th cent,$ecomposer.
=700  1\$aVilliers, Pierre de,$dactive 16th century,$ecomposer.
=710  2\$aAdrian Le Roy & Robert Ballard (Firm),$eprinter.
=752  \\$aFrance$dParis.$2lcsh/naf
=856  41$uhttp://purl.org/rism/BI/1555/23$yDigitised score
=859  \\$aXLD$bDCW
=852  4\$aBritish Library$bMUSIC$cDRT$jDigital Store K.8.i.4.(1.)
=985  \\$aRecord amended for WR# 13/070
=985  \\$aname title to add
=985  \\$aCorrected by MS generated file for WR# 1805-0738
=CAT  \\$aBATCH-DCW$b00$c20171222$lBLL01$h0201
=CAT  \\$a1805-0738$c20190111$lBLL01$h1808
=CAT  \\$a1805-0738$b00$c20190111$lBLL01$h1828
=FIN  \\$aY$d20171222
=LKR  \\$aPAR$lBLL01$r776$b004263541$mSecond recueil de chansons, composées à quatre parties /$nSecond recueil de chansons, composées à quatre parties /
=DGM  \\$a004263541$bCatBridge variable field
=DRT  \\$aDCW
=SRC  \\$aDCW$bDCW_20171221
=OHC  \\$a2
=LAS  \\$a1805-0738$b00$c20190111$lBLL01$h1828

