=LDR  03951 cm a22006857  4500
=001  018656416
=003  Uk
=005  20171222020113.0
=007  cr\mn\024mpada
=008  930310s1569\\\\fr\||z\\s\\\\\\\\\\\fre\\
=FMT  \\$a  MU
=019  d\$acc08190012
=019  d\$acc08190013
=040  \\$aUk$beng$cUk
=042  \\$aukblsr
=082  14$a780$215
=130  1\$aChansons.$n2e livre.
=245  10$aSecond livre de chansons /$ccomposé à quatre parties de plusieurs autheurs.
=264  \1$aA Paris :$bPar Adrian le Roy & Robert Ballard,$c1569.
=300  \\$a4 part books ;$c10 x 14 cm (oblong 8º)
=336  \\$anotated music$2rdacontent
=337  \\$acomputer$2rdamedia
=338  \\$aonline$2rdacarrier
=340  \\$m8vo$2rdabf
=500  \\$aCollection of chansons in four parts (SATB).
=500  \\$aCopy at K.11.e.3.(2.). Digitised score at http://purl.org/rism/BI/1569/12.$5Uk
=500  \\$aCopy at K.11.e.3.(2.). Superius (16 leaves), Tenor (16 leaves), Bassus (16 leaves); [1], 2-16 f. in each part book; paper dimensions: 90 x 130 mm.$5Uk
=500  \\$aThe works by 'Nicolas' may be by Guillaume Nicolas (fl ?1533-78) or, more likely, by Nicolas de la Grotte (b 1530; d c1600).
=500  \\$aTranscribed title page from tenor part book: SECOND LIVRE. / DE CHANSONS / composé à quatre parties de / plusieurs autheurs. / Imprimé en quatre volumes. / 1569 / Auec priuilege du Roy / Pour dix ans. / A PARIS. / Par Adrian le Roy, & Robert Ballard, / Imprimeurs de sa majesté, rue Saint Iean de / Beauuais, a l'enseigne du mont Parnasse.
=500  \\$aWith a table of contents at the end. Reprint of the 1564 edition (RISM B/I 1564 ⁸).
=505  0\$aMa mignonne je me plein / Nicolas -- Je veux aimer quoy qu'on en veuille dire / Nicolas -- O que d'ennuis à mes yeux se presente / Ad. Le Roy -- Fuyons tous d'amour le jeu / Certon -- L'esté chaut bouilloit / Nicolas -- D'estre loyal je ne puis / Nicolas -- J'ay bien mal choisi / Nicolas -- Si jeune je suis Ie vaux beaucoup mieux [Response] / Nicolas -- Allés vous en facheux tourment / Nicolas -- Baisons nous belle cependant / Ad. Le Roy -- Est-ce pas mort quand un cors froit & palle / Nicolas -- Je me plein de toy amour / Nicolas -- C'est grand peine que d'aymer / Nicolas -- Fruit d'amour attendu / Nicolas -- Quelle peine est plus dure / Nicolas.
=510  4\$aFrançois Lesure & Geneviève Thibault, Bibliographie des éditions d'Adrian le Roy et Robert Ballard (1551-1598), (Paris: Société Française de Musicologie, 1955),$cno. 133.
=510  4\$aRISM B/I,$c1569¹²
=546  \\$aFrench words.
=650  \0$aPolyphonic chansons.
=700  1\$aBallard, Robert,$d-1588,$eprinter.
=700  1\$aCerton, Pierre,$d-1572,$ecomposer.
=700  1\$aCortot, Alfred,$d1877-1962,$eformer owner.
=700  1\$aLa Grotte, Nicolas de,$d1530-approximately 1600,$ecomposer.
=700  1\$aLe Roy, Adrian,$dapproximately 1520-1598,$ecomposer.
=700  1\$aLe Roy, Adrian,$dapproximately 1520-1598,$eprinter.
=700  1\$aNicolas, Guillaume,$dactive 1533-1578,$ecomposer.
=710  2\$aAdrian Le Roy & Robert Ballard (Firm),$eprinter.
=752  \\$aFrance$dParis.$2lcsh/naf
=856  41$uhttp://purl.org/rism/BI/1569/12$yDigitised score
=859  \\$aXLD$bDCW
=852  4\$cDRT$jDigital Store K.11.e.3.(2.)$aBritish Library$bMUSIC
=985  \\$aRecord amended for WR# 13/070
=985  \\$aname title to add
=985  \\$aCorrected by MS generated file for WR# 1805-0738
=CAT  \\$aBATCH-DCW$b00$c20171222$lBLL01$h0201
=CAT  \\$a1805-0738$c20190111$lBLL01$h1808
=CAT  \\$a1805-0738$b00$c20190111$lBLL01$h1828
=FIN  \\$aY$d20171222
=LKR  \\$aPAR$lBLL01$r776$b004263542$mSecond livre de chansons /$nSecond livre de chansons /
=DGM  \\$a004263542$bCatBridge variable field
=DRT  \\$aDCW
=SRC  \\$aDCW$bDCW_20171221
=OHC  \\$a2
=LAS  \\$a1805-0738$b00$c20190111$lBLL01$h1828

