=LDR  04125 cm a22006617  4500
=001  018656417
=003  Uk
=005  20171222020113.0
=007  cr\mn\024mpada
=008  930310s1567\\\\fr\||z\\s\\\\\\\\\\\fre\\
=FMT  \\$a  MU
=019  d\$acc08190015
=019  d\$acc08190016
=040  \\$aUk$beng$cUk
=042  \\$aukblsr
=082  14$a780$215
=130  1\$aChansons nouvellement.$n3e livre.
=245  10$aTiers livre de chansons nouvellement /$ccomposé à quatre parties, par M. Arcadet & autres autheurs.
=264  \1$aA Paris :$bPar Adrian le Roy & Robert Ballard,$c1567.
=300  \\$a4 part books ;$c10 x 14 cm (oblong 8º)
=336  \\$anotated music$2rdacontent
=337  \\$acomputer$2rdamedia
=338  \\$aonline$2rdacarrier
=340  \\$m8vo$2rdabf
=500  \\$aCollection of chansons in four parts (SATB).
=500  \\$aCopy at K.11.e.3.(3.). Digitised score at http://purl.org/rism/BI/1567/4.$5Uk
=500  \\$aCopy at K.11.e.3.(3.). Superius (16 leaves), Tenor (16 leaves), Bassus (16 leaves); [1], 2-16 f. in each part book; paper dimensions: 90 x 130 mm.$5Uk
=500  \\$aTranscribed title page from tenor part book: TIERS LIVRE / DE CHANSONS / nouuellement composé à quatre parties, / par M. Arcadet & autres autheurs. / Imprimé en quatre volumes. / A PARIS. / Par Adrian le Roy, & Robert Ballard, Imprimeurs / du Roy. / 1567 / Auec priuilege de sa majesté. / Pour dix ans.
=500  \\$aWith a table of contents at the end; revised edition of RISM B/I 1557 ¹³.
=505  0\$aQuand je me trouve auprés de ma maitresse / Arcadet -- Comme l'arge[n]tine face de la l'une / Arcadet -- Souvent amour ne sçay pourquoy / Arcadet -- Laissés la verde couleur / Arcadet -- Amour se doit figurer une rose / Maillard -- Pour bien aymer je reçois peine dure / Arcadet -- J'ay entrepris d'une dame de france / Arcadet -- Amour me sçauriés vous aprendre / Arcadet -- Je me repute bie[n] heureux / Arcadet -- Nostre amytié est seullement / Arcadet -- Si faux danger sçavoit co[m]bien / Arcadet -- Quand je vous ayme ardentement / Arcadet -- Avec les plus beaux yeux / Arcadet -- Contentés vous heureuses violettes / Arcadet -- Dedans voz yeux amour cache sa force / Arcadet -- Margot labourés les vignes / Arcadet -- A qui sera ma foy donnée / De Bussi -- Le tems passé je souspire / De Bussy -- La Diane que je sers / Arcadet -- J'en ayme deux d'amour bien differente / Arcadet -- De tant de peine endurer / Arcadet -- Les yeux qui me sçeure[n]t pre[n]dre / Arcadet -- De mille ennuis que je porte / Arcadet.
=510  4\$aFrançois Lesure and Geneviève Thibault, Bibliographie des Éditions d'Adrian Le Roy et Robert Ballard (1551-1598) (Paris: Société Française de Musicologie, 1955),$cno. 120.
=510  4\$aRISM B/I,$c1567 ⁴
=546  \\$aFrench words.
=650  \0$aPolyphonic chansons.
=700  1\$aArcadelt, Jacob,$dapproximately 1505-1568,$ecomposer.
=700  1\$aBallard, Robert,$d-1588,$eprinter.
=700  1\$aCortot, Alfred,$d1877-1962,$eformer owner.
=700  1\$aDe Bussy,$dactive 1553-1583,$ecomposer.
=700  1\$aLe Roy, Adrian,$dapproximately 1520-1598,$eprinter.
=700  1\$aMaillard, Jean,$dactive 1538-1572,$ecomposer.
=710  2\$aAdrian Le Roy & Robert Ballard (Firm),$eprinter.
=752  \\$aFrance$dParis.$2lcsh/naf
=856  41$uhttp://purl.org/rism/BI/1567/4$yDigitised score
=859  \\$aXLD$bDCW
=852  4\$cDRT$jDigital Store K.11.e.3.(3.)$aBritish Library$bMUSIC
=985  \\$aRecord amended for WR# 13/070
=985  \\$aname title to add
=985  \\$aCorrected by MS generated file for WR# 1805-0738
=CAT  \\$aBATCH-DCW$b00$c20171222$lBLL01$h0201
=CAT  \\$a1805-0738$c20190111$lBLL01$h1808
=CAT  \\$a1805-0738$b00$c20190111$lBLL01$h1828
=FIN  \\$aY$d20171222
=LKR  \\$aPAR$lBLL01$r776$b004263545$mTiers livre de chansons nouvellement /$nTiers livre de chansons nouvellement /
=DGM  \\$a004263545$bCatBridge variable field
=DRT  \\$aDCW
=SRC  \\$aDCW$bDCW_20171221
=OHC  \\$a2
=LAS  \\$a1805-0738$b00$c20190111$lBLL01$h1828

