=LDR  04280 cm a22006857  4500
=001  018656418
=003  Uk
=005  20171222020113.0
=007  cr\mn\024mpada
=008  930310s1567\\\\fr\||z\\s\\\\\\\\\\\fre\|
=FMT  \\$a  MU
=019  d\$acc08190018
=040  \\$aUk$beng$cUk
=042  \\$aukblsr
=082  14$a780$215
=130  1\$aChansons nouvellement.$n4e livre.
=245  10$aQuatrieme livre de chansons nouvellement /$ccomposé à quatre parties, par M. Arcadet & autres autheurs.
=264  \1$aA Paris :$bPar Adrian le Roy & Robert Ballard,$c1567.
=300  \\$a4 part books ;$c10 x 14 cm (oblong 8º)
=336  \\$anotated music$2rdacontent
=337  \\$acomputer$2rdamedia
=338  \\$aonline$2rdacarrier
=340  \\$m8vo$2rdabf
=500  \\$aCollection of chansons in four parts (SATB).
=500  \\$aCopy at K.11.e.3.(4.). Digitised score at http://purl.org/rism/BI/1567/5.$5Uk
=500  \\$aCopy at K.11.e.3.(4.). Superius (16 leaves: [1], 2-16 f.), Tenor (16 leaves: [1], 2-16 f.), Bassus (16 leaves: [1], 2-16 f.); paper dimensions: 90 x 130 mm.$5Uk
=500  \\$aTranscribed title page from tenor part book: QVATRIEME LIVRE / DE CHANSONS / nouuellement composé à quatre parties, / par M. Arcadet & autres autheurs. / Imprimé en quatre volumes. / A PARIS. / Par Adrian le Roy, & Robert Ballard, Imprimeurs / du Roy. / 1567 / Auec priuilege de sa majesté. / Pour dix ans.
=500  \\$aWith a table of contents at the end.
=505  0\$aL'iver sera, & l'esté variable / Arcadet -- Le bien que j'ay par foy d'amour / Arcadet -- O qu'hereuse est ma fortune / De Bussy -- Vive sera & tousjours pardurable / Arcadet -- Elle à voulu serviteur me nommer / Arcadet -- Las il n'a nul mal qui n'a le mal d'amour / De Bussy -- Comme[n]t mes yeux avés vous entrepris / Mornable -- Vous qui voulés avoir contentement / De Bussy -- Helas la mort que ne mets tu hors de martyre / Certon -- Tant plus je mets sur ta face mes yeux / Maillard -- Vous n'aurez plus mes yeux la jouissa[n]ce / Arcadet -- De mes ennuys prenés co[m]passion / Arcadet -- Astres & dieus, voyant mon amytié / De Bussy -- Amour de moy ta[n]t bie[n] servy / Certon -- L'hom[m]e est heureux qua[n]t il trouve une fem[m]e / Godard -- C'est un grand mal se sentir / Maillard -- J'ay tant chassé que plus ne puis couris / Certon -- Que gagnés vous à vouloir differer / Godard -- Helas faut il qu'en beauté / Maillard -- Seur de Venus ne suis nommée / Maillard -- De ceux qui tant de mon bien se lamentent / Maillard.
=510  4\$aFrançois Lesure and Geneviève Thibault, Bibliographie des Éditions d'Adrian Le Roy et Robert Ballard (1551-1598) (Paris: Société Française de Musicologie, 1955),$cno. 121.
=510  4\$aRISM B/I,$c1567 ⁵
=546  \\$aFrench words.
=650  \0$aPolyphonic chansons.
=700  1\$aArcadelt, Jacob,$dapproximately 1505-1568,$ecomposer.
=700  1\$aBallard, Robert,$d-1588,$eprinter.
=700  1\$aCerton, Pierre,$d-1572,$ecomposer.
=700  1\$aCortot, Alfred,$d1877-1962,$eformer owner.
=700  1\$aDe Bussy,$dactive 1553-1583,$ecomposer.
=700  1\$aGodard,$dactive 1536-approximately 1560,$ecomposer.
=700  1\$aLe Roy, Adrian,$dapproximately 1520-1598,$eprinter.
=700  1\$aMaillard, Jean,$dactive 1538-1572,$ecomposer.
=700  1\$aMornable, Antoine,$dactive 1530-1553,$ecomposer.
=710  2\$aAdrian Le Roy & Robert Ballard (Firm),$eprinter.
=752  \\$aFrance$dParis.$2lcsh/naf
=856  41$uhttp://purl.org/rism/BI/1567/5$yDigitised score
=859  \\$aXLD$bDCW
=852  4\$cDRT$jDigital Store K.11.e.3.(4.)$aBritish Library$bMUSIC
=985  \\$aRecord amended for WR# 13/070
=985  \\$aname title to add
=985  \\$aCorrected by MS generated file for WR# 1805-0738
=CAT  \\$aBATCH-DCW$b00$c20171222$lBLL01$h0201
=CAT  \\$a1805-0738$c20190111$lBLL01$h1808
=CAT  \\$a1805-0738$b00$c20190111$lBLL01$h1828
=FIN  \\$aY$d20171222
=LKR  \\$aPAR$lBLL01$r776$b004263548$mQuatrieme livre de chansons nouvellement /$nQuatrieme livre de chansons nouvellement /
=DGM  \\$a004263548$bCatBridge variable field
=DRT  \\$aDCW
=SRC  \\$aDCW$bDCW_20171221
=OHC  \\$a2
=LAS  \\$a1805-0738$b00$c20190111$lBLL01$h1828

