=LDR  04198 cm a22006617  4500
=001  018656419
=003  Uk
=005  20171222020113.0
=007  cr\mn\024mpada
=008  930310s1567\\\\fr\|||\\s\\\\\\\\\\\fre\|
=FMT  \\$a  MU
=019  d\$acc08190021
=019  d\$acc08190022
=040  \\$aUk$beng$cUk
=042  \\$aukblsr
=082  14$a780$215
=130  1\$aChansons nouvellement.$n5e livre.
=245  10$aCinquieme livre de chansons nouvellement composé à quatre parties /$cpar M. Arcadet & autres autheurs.
=264  \1$aA Paris :$bPar Adrian le Roy & Robert Ballard,$c1567.
=300  \\$a4 part books ;$c10 x 14 cm (oblong 8º)
=336  \\$anotated music$2rdacontent
=337  \\$acomputer$2rdamedia
=338  \\$aonline$2rdacarrier
=340  \\$m8vo$2rdabf
=500  \\$aCollection of chansons in four parts (SATB), with a table of contents at the end.
=500  \\$aCopy at K.11.e.3.(5.). Digitised score at http://purl.org/rism/BI/1567/6.$5Uk
=500  \\$aCopy at K.11.e.3.(5.). Superius (16 leaves), Tenor (16 leaves), Bassus (16 leaves); original foliation: [1], 2-16 f. in each part book; paper dimensions: 90 x 130 mm.$5Uk
=500  \\$aTranscribed title page from tenor part book: CINQIEME LIVRE / DE CHANSONS / nouuellement composé à quatre parties, / par M. Arcadet & autres autheurs. / Imprimé en quatre volumes. / A PARIS. / Par Adrian le Roy, & Robert Ballard, Imprimeurs / du Roy. / 1567 / Auec priuilege de sa majesté. / Pour dix ans.
=505  0\$aO le grand bien si un momente te voy / Arcadet -- Ta privauté d'amour / Arcadet -- De son cœur & du mien / certon -- Par ton seul bie[n] ma jeunesse / Maillard -- Si contre amour je n'ay peu resister / Maillard -- Si je vous aime par amour / Maillard -- Comment mes yeux avez vous entrepris / Arcadet -- Ce noble cœur qu'en vous j'ay pensé / Maillard -- Dieu des amants qui mo[n] feu cognoissés / Arcadet -- Aiant fuy pour aymer fermement / Arcadet -- En lieu du bien dont avois esperance [Response] / Arcadet -- Votre beauté qu'un chacu[n] voit florit / Arcadet -- Ce doux regard affable & gratieux / Maillard -- Dequoy me sert ceste douce parole / Maillard -- Plainte & espoir en moy logent ensa[m]ble / Maillard -- Voulant amour sous parler gratieux / Arcadet -- Aiant son cœur rompu la loyauté / Maillard -- Tant que mo[n] œil le votre excelle[n]t voit / Arcadet -- Le ciel benin & liberal d'honneur / De Bussy -- Extreme amour est entre moy & elle / Arcadet -- Si vous voulés estre aymé & servie / Arcadet.
=510  4\$aFrançois Lesure and Geneviève Thibault, Bibliographie des Éditions d'Adrian Le Roy et Robert Ballard (1551-1598) (Paris: Société Française de Musicologie, 1955),$cno. 122.
=510  4\$aRISM B/I,$c1567 ⁶
=546  \\$aFrench words
=650  \0$aPolyphonic chansons.
=700  1\$aArcadelt, Jacob,$dapproximately 1505-1568,$ecomposer.
=700  1\$aBallard, Robert,$d-1588,$eprinter.
=700  1\$aCerton, Pierre,$d-1572,$ecomposer.
=700  1\$aCortot, Alfred,$d1877-1962,$eformer owner.
=700  1\$aDe Bussy,$dactive 1553-1583,$ecomposer.
=700  1\$aLe Roy, Adrian,$dapproximately 1520-1598,$eprinter.
=700  1\$aMaillard, Jean,$dactive 1538-1572,$ecomposer.
=710  2\$aAdrian Le Roy & Robert Ballard (Firm),$eprinter.
=752  \\$aFrance$dParis.$2lcsh/naf
=856  41$uhttp://purl.org/rism/BI/1567/6$yDigitised score
=859  \\$aXLD$bDCW
=852  4\$cDRT$jDigital Store K.11.e.3.(5.)$aBritish Library$bMUSIC
=985  \\$aRecord amended for WR# 13/070
=985  \\$aname title to add
=985  \\$aCorrected by MS generated file for WR# 1805-0738
=CAT  \\$aBATCH-DCW$b00$c20171222$lBLL01$h0201
=CAT  \\$a1805-0738$c20190111$lBLL01$h1808
=CAT  \\$a1805-0738$b00$c20190111$lBLL01$h1828
=FIN  \\$aY$d20171222
=LKR  \\$aPAR$lBLL01$r776$b004263551$mCinquieme livre de chansons nouvellement composé à quatre parties /$nCinquieme livre de chansons nouvellement composé à quatre parties /
=DGM  \\$a004263551$bCatBridge variable field
=DRT  \\$aDCW
=SRC  \\$aDCW$bDCW_20171221
=OHC  \\$a2
=LAS  \\$a1805-0738$b00$c20190111$lBLL01$h1828

