=LDR  04019 cm a22006737  4500
=001  018656420
=003  Uk
=005  20171222020113.0
=007  cr\mn\024mpada
=008  930310s1567\\\\fr\||z\\s\\\\\\\\\\\mul\\
=FMT  \\$a  MU
=019  d\$acc08190024
=040  \\$aUk$beng$cUk
=041  1\$afre$alat
=042  \\$aukblsr
=082  14$a780$215
=130  1\$aChansons à quatre & cinq parties.$n16e livre.
=245  10$aSesieme livre de chansons à quatre & cinq parties /$cpar Orlande de Lassus & autres autheurs.
=264  \1$aA Paris :$bPar Adrian le Roy & Robert Ballard,$c1567.
=300  \\$a4 part books ;$c10 x 14 cm (oblong 8º)
=336  \\$anotated music$2rdacontent
=337  \\$acomputer$2rdamedia
=338  \\$aonline$2rdacarrier
=340  \\$m8vo$2rdabf
=500  \\$aCollection of chansons in four and five parts. All are four-part works except for the last four, which are in five parts. With a table of contents at the end.
=500  \\$aCopy at K.11.e.3.(16.). Digitised score at http://purl.org/rism/BI/1567/9.$5Uk
=500  \\$aCopy at K.11.e.3.(16.). Superius (16 leaves), Tenor (16 leaves), Bassus (16 leaves); original foliation: [1], 2-16 f. in each part book; paper dimensions: 90 x 130 mm.$5Uk
=500  \\$aReprint of the 1565 edition (RISM B/I 1565 ⁸).
=500  \\$aTranscribed title page from tenor part book: SESIEME LIVRE / DE CHANSONS / à quatre & cinq parties, par / Orlande de lassus. / Imprimé en quatre volumes. / A PARIS. / Par Adrian le Roy, & Robert Ballard, Imprimeurs / du Roy. / 1567 /Auec priuilege de sa majesté. / Pour dix ans.
=505  0\$a[1] Fertur in convivijs vinus [2] Volo inter omnia [3] Potatores incliti [4] Meum est profitum [5] Et plusquam Ecclesiam / Orlande -- Ce faux amour d'arc & de flesches / Orlande -- Bon jour mon cœur / Orlande -- Si froid & chaut mis ensa[m]ble / Orlande -- Monsieur l'abé & monsieur son varlet / Orlande -- Qui dort icy / Orlande -- Quand mon mari vie[n]t de dehors / Orlande -- En ce mois delitieux / Arcadet - Elle craint l'esperon / Costeley -- Dequoy me sert mignarde / Costeley -- Non mi togl'il ben mio / Ciprian -- Le tems peut bie[n] vn beau teint / Orlande -- Fuyons tous d'amour le jeu / Orlande -- Et d'ou venés vous ma dame lucette / Orlande -- Vous qui aymez les dames / Orlande -- Mon coeur raui d'amour fort / Orlande.
=510  4\$aFrançois Lesure and Geneviève Thibault, Bibliographie des Éditions d'Adrian Le Roy et Robert Ballard (1551-1598) (Paris: Société Française de Musicologie, 1955),$cno. 125.
=510  4\$aRISM B/I,$c1567 ⁹
=546  \\$aWords mostly in French; some in Latin.
=650  \0$aPolyphonic chansons.
=700  1\$aArcadelt, Jacob,$dapproximately 1505-1568,$ecomposer.
=700  1\$aBallard, Robert,$d-1588,$eprinter.
=700  1\$aCortot, Alfred,$d1877-1962,$eformer owner.
=700  1\$aCosteley, Guillaume,$d1530?-1606,$ecomposer.
=700  1\$aLasso, Orlando di,$d1532-1594,$ecomposer.
=700  1\$aLe Roy, Adrian,$dapproximately 1520-1598,$eprinter.
=700  1\$aRore, Cipriano de,$d1515 or 1516-1565,$ecomposer.
=710  2\$aAdrian Le Roy & Robert Ballard (Firm)
=752  \\$aFrance$dParis.$2lcsh/naf
=856  41$uhttp://purl.org/rism/BI/1567/9$yDigitised score
=859  \\$aXLD$bDCW
=852  4\$cDRT$jDigital Store K.11.e.3.(16.)$aBritish Library$bMUSIC
=985  \\$aRecord amended for WR# 13/070
=985  \\$aname title to add
=985  \\$aCorrected by MS generated file for WR# 1805-0738
=CAT  \\$aBATCH-DCW$b00$c20171222$lBLL01$h0201
=CAT  \\$a1805-0738$c20190111$lBLL01$h1808
=CAT  \\$a1805-0738$b00$c20190111$lBLL01$h1828
=FIN  \\$aY$d20171222
=LKR  \\$aPAR$lBLL01$r776$b004263554$mSesieme livre de chansons à quatre & cinq parties /$nSesieme livre de chansons à quatre & cinq parties /
=DGM  \\$a004263554$bCatBridge variable field
=DRT  \\$aDCW
=SRC  \\$aDCW$bDCW_20171221
=OHC  \\$a1
=LAS  \\$a1805-0738$b00$c20190111$lBLL01$h1828

