=LDR  04634 cm a22007577  4500
=001  018656421
=003  Uk
=005  20171222020113.0
=007  cr\mn\024mpada
=008  930310s1569\\\\fr\||z\\s\\\\\\\\\\\mul\|
=FMT  \\$a  MU
=019  d\$acc08190025
=019  d\$acc08190026
=040  \\$aUk$beng$cUk
=041  0\$afre$alat
=042  \\$aukblsr
=082  14$a780$215
=130  1\$aChansons à quatre & cinq parties.$n6e livre.
=245  10$aSisieme livre de chansons à quatre & cinq parties /$cde. I. Arcadet, & autres.
=264  \1$aA Paris :$bPar Adrian le Roy & Robert Ballard,$c1569.
=300  \\$a4 part books ;$c10 x 14 cm (oblong 8º)
=336  \\$anotated music$2rdacontent
=337  \\$acomputer$2rdamedia
=338  \\$aonline$2rdacarrier
=340  \\$m8vo$2rdabf
=500  \\$aCollection of chansons in four and five parts. All four-part works except for the last three which are in five parts. Includes a table of contents at the end.
=500  \\$aCopy at K.11.e.3.(6.). Digitised score at http://purl.org/rism/BI/1569/13.$5Uk
=500  \\$aCopy at K.11.e.3.(6.). Superius (16 leaves), Tenor (16 leaves), Bassus (16 leaves); original foliation: [1], 2-16 f. in each part book; paper dimensions: 90 x 130 mm.$5Uk
=500  \\$aCopy at K.2.b.4.(5.). Tenor (16 leaves), Contratenor (16 leaves); original foliation: [1], 2-16 f. in each part book; paper dimensions 88 x 128 mm.$5Uk
=500  \\$aRevised edition of RISM B/I 1559 ⁸.
=500  \\$aTranscribed title page from tenor part book: SISIEME LIVRE / DE CHANSONS / à quatre & cinq parties, / de. I. Arcadet, / & autres. / Imprimé en quatre volumes. / A PARIS. / 1569 / Par Adrian le Roy & Robert Ballard, Imprimeurs / du Roy. / Auec priuilege de sa magesté / pour dix ans.
=505  0\$aAt trepida, & cœptis / Arcadet -- Urbem pręclaram statui / Entraigues -- Vitam que faciunt beatiorem / Arcadet -- Helas amy que ta longue demeure / Arcadet -- Qui veut du ciel & de nature / Arcadet -- De ceux qui tant de mo[n] bien / Arcadet -- Un jour l'amant & l'amie / Certon -- Amoureux suis mais c'est si froidement / Certon -- Un cœur aymant d'amour / Maillard -- Au bois au bois madame / Moulu -- Le feint serviteur eshonté / Arcadet -- Apres le fait la repe[n]te[n]ce / Arcadet -- Ce n'est pas moy c'est vous / Janequin -- Si planteray je le may / Goudimel -- Je voudroye bien que votre honnesteté / Jacotin -- Tousjours vous me semblates belle / Arcadet -- Pour heur en amour dema[n]der / Arcadet -- Si quelque Dieu me do[n]noit le pouvoir / Du Buisson -- Je ne suis pas si sot berger / Arcadet -- Si la beauté de ma dam' / Arcadet -- Tout au rebours de mon affaire / Arcadet.
=510  4\$aFrançois Lesure and Geneviève Thibault, Bibliographie des Éditions d'Adrian Le Roy et Robert Ballard (1551-1598) (Paris: Société Française de Musicologie, 1955),$cno. 134.
=510  4\$aRISM B/I,$c1569 ¹³
=546  \\$aMainly in French; some chansons in Latin.
=650  \0$aPolyphonic chansons.
=700  0\$aJacotin,$ecomposer.
=700  1\$aArcadelt, Jacob,$dapproximately 1505-1568,$ecomposer.
=700  1\$aBallard, Robert,$d-1588,$eprinter.
=700  1\$aCerton, Pierre,$d-1572,$ecomposer.
=700  1\$aCortot, Alfred,$d1877-1962,$eformer owner.
=700  1\$aDu Buisson, Jacques,$dactive 1550-1570,$ecomposer.
=700  1\$aEntraigues,$dactive 1547-1559,$ecomposer.
=700  1\$aGoudimel, Claude,$d-1572,$ecomposer.
=700  1\$aJanequin, Clément,$dapproximately 1495-approximately 1560,$ecomposer.
=700  1\$aLe Roy, Adrian,$dapproximately 1520-1598,$eprinter.
=700  1\$aMaillard, Jean,$dactive 1538-1572,$ecomposer.
=700  1\$aMoulu, Pierre,$ecomposer.
=710  2\$aAdrian Le Roy & Robert Ballard (Firm),$eprinter.
=752  \\$aFrance$dParis.$2lcsh/naf
=856  41$uhttp://purl.org/rism/BI/1569/13$yDigitised score
=859  \\$aXLD$bDCW
=852  4\$cDRT$jDigital Store K.11.e.3.(6.)$aBritish Library$bMUSIC
=985  \\$aRecord amended for WR# 13/070
=985  \\$aname title to add
=985  \\$aCorrected by MS generated file for WR# 1805-0738
=CAT  \\$aBATCH-DCW$b00$c20171222$lBLL01$h0201
=CAT  \\$a1805-0738$c20190111$lBLL01$h1808
=CAT  \\$a1805-0738$b00$c20190111$lBLL01$h1828
=FIN  \\$aY$d20171222
=LKR  \\$aPAR$lBLL01$r776$b004263555$mSisieme livre de chansons à quatre & cinq parties /$nSisieme livre de chansons à quatre & cinq parties /
=DGM  \\$a004263555$bCatBridge variable field
=DRT  \\$aDCW
=SRC  \\$aDCW$bDCW_20171221
=OHC  \\$a2
=LAS  \\$a1805-0738$b00$c20190111$lBLL01$h1828

