=LDR  03938 cm a22007217  4500
=001  018656422
=003  Uk
=005  20171222020113.0
=007  cr\mn\024mpada
=008  930310s1565\\\\fr\||z\\s\\\\\\\\\\\fre\\
=FMT  \\$a  MU
=019  d\$acc08190028
=019  d\$acc08190029
=040  \\$aUk$beng$cUk
=042  \\$aukblsr
=082  14$a780$215
=130  1\$aChansons à quatre & cinq parties.$n7e livre.
=245  10$aSetieme livre de chansons à quatre parties /$cpar plusieurs autheurs.
=264  \1$aParis :$bPar Adrian le Roy & Robert Ballard,$c1565.
=300  \\$a4 part books ;$c10 x 14 cm (oblong 8º)
=336  \\$anotated music$2rdacontent
=337  \\$acomputer$2rdamedia
=338  \\$aonline$2rdacarrier
=340  \\$m8vo$2rdabf
=500  \\$aCollection of chansons in four parts (SATB).
=500  \\$aCopy at K.11.e.3.(7.). Digitised score at http://purl.org/rism/BI/1565/5.$5Uk
=500  \\$aCopy at K.11.e.3.(7.). Superius (15 leaves, [1], 2-3, 5-16 f.), Tenor (16 leaves, [1], 2-16 f.), Bassus (16 leaves, [1], 2-16 f.); paper dimensions: 90 x 130 mm.$5Uk
=500  \\$aCopy at K.2.b.4.(6.) Tenor (16 leaves, [1], 2-16 f.); paper dimensions: 88 x 128 mm.$5Uk
=500  \\$aTranscribed title page from tenor part book: SETIEME LIVRE. / DE CHANSONS A QVATRE / parties par plusieurs autheurs. / Imprimé en quatre volumes. / A PARIS. / Par Adrian le Roy, & Robert Ballard, Imprimeurs / du Roy. / 1565. / Auec priuilege de sa maiesté. / Pour dix ans.
=500  \\$aWith a table of contents at the end.
=505  0\$aBel Aubepin verdissant / Janequin -- Si Dieu vouloit que je fusse / Janequin -- Pleust à Dieu que fusse Arondelle / Janequin -- Il estoit un clerc Qui aimer vouloit / Mithou -- Ce faux amour d'arc & de flesches / Janequin -- Sus sus sus qu'on la reveille / Touteau -- Rosignolet du boys Qui chante / Arcadet -- Toute joye reçoy / Grouzi -- Puis que plaisir tu prens à la rosée / Grouzi -- Argent prent villes & chateaux / Grouzi -- Amour tu le sçais bien / Arcadet -- Certes mou œil fut trop adventureux / Goudimel -- Quand un chacun sert & commande / Nicolas -- Nous burons du vin clairet / Arcadet.
=510  4\$aFrançois Lesure and Geneviève Thibault, Bibliographie des Éditions d'Adrian Le Roy et Robert Ballard (1551-1598), (Paris: Société Française de Musicologie, 1955),$cno. 104
=510  4\$aRISM B/I,$c1565 ⁵
=546  \\$aFrench words.
=650  \0$aPolyphonic chansons.
=700  1\$aArcadelt, Jacob,$dapproximately 1505-1568,$ecomposer.
=700  1\$aBallard, Robert,$d-1588,$eprinter.
=700  1\$aCortot, Alfred,$d1877-1962,$eformer owner.
=700  1\$aDaniel, Jean,$ecomposer.
=700  1\$aGoudimel, Claude,$d-1572,$ecomposer.
=700  1\$aGrouzy,$ecomposer.
=700  1\$aJanequin, Clément,$dapproximately 1495-approximately 1560,$ecomposer.
=700  1\$aLe Roy, Adrian,$dapproximately 1520-1598,$eprinter.
=700  1\$aNicolas, Guillaume,$dactive 1533-1578,$ecomposer.
=700  1\$aTouteau,$ecomposer.
=710  2\$aAdrian Le Roy & Robert Ballard (Firm),$eprinter.
=752  \\$aFrance$dParis.$2lcsh/naf
=856  41$uhttp://purl.org/rism/BI/1565/5$yDigitised score
=859  \\$aXLD$bDCW
=852  4\$cDRT$jDigital Store K.11.e.3.(7.)$aBritish Library$bMUSIC
=985  \\$aRecord amended for WR# 13/070
=985  \\$aname title to add
=985  \\$aCorrected by MS generated file for WR# 1805-0738
=CAT  \\$aBATCH-DCW$b00$c20171222$lBLL01$h0201
=CAT  \\$a1805-0738$c20190111$lBLL01$h1808
=CAT  \\$a1805-0738$b00$c20190111$lBLL01$h1828
=FIN  \\$aY$d20171222
=LKR  \\$aPAR$lBLL01$r776$b004263559$mSetieme livre de chansons à quatre parties /$nSetieme livre de chansons à quatre parties /
=DGM  \\$a004263559$bCatBridge variable field
=DRT  \\$aDCW
=SRC  \\$aDCW$bDCW_20171221
=OHC  \\$a2
=LAS  \\$a1805-0738$b00$c20190111$lBLL01$h1828

