=LDR  04158ccm a22007217  4500
=001  018656423
=003  Uk
=005  20220815134136.0
=007  cr\mn\024mpada
=008  930310s1559\\\\fr\|||\|s||||||||\\\fre\|
=FMT  \\$a  MU
=019  d\$acc08190030
=019  d\$acc08190031
=040  \\$aUk$beng$cUk
=041  0\$afre
=042  \\$aukblsr
=082  04$a782.5194$223
=130  0\$aChansons nouvellement.$n8e livre.
=245  10$aHuitiesme livre de chansons nouvellement composées en Musique à quatre parties /$cpar plusieurs autheurs.
=264  \1$aA Paris :$bDe l'imprimerie d'Adrian le Roy & Robert Ballard,$c1559.
=300  \\$a4 part books ;$c10 x 14 cm, (oblong 8º)
=336  \\$anotated music$2rdacontent
=337  \\$acomputer$2rdamedia
=338  \\$aonline$2rdacarrier
=340  \\$m8vo$2rdabf
=500  \\$aCollection of chansons in four parts (SATB), with a table of contents at the end.
=500  \\$aCopy at K.2.b.4*.(8.). Contratenor: 16 leaves ([1], 2-15, [16] f.); paper dimensions: 92 x 133 mm.$5Uk
=500  \\$aReprint of the 1557 edition, RISM B/I 1557¹⁵
=500  \\$aTranscribed title page from tenor part book: HVITIESME LIVRE DE CHANSONS / nouuellement composées en Musique à quatre parties, par plu-/ sieurs autheurs, imprimées en quatre volumes. / TE-NOR. / A PARIS. / De l'imprimerie d'Adrian le Roy, & Robert Ballard, Imprimeurs du Roy, / rue S. Iean de Beauuais, à l'enseigne Sainte Geneuieue. 1559. / Auec priuilege du Roy, pour dix ans.
=505  0\$aSoupirs ardans parcelles de mon ame / Arcadet -- Tout ce qu'on peut en elle voir / Cyprian Rore -- Quant je compasse la hauteur / Arcadet -- Tout le desir & le plaisir / Arcadet -- Si i'ay deux serviteurs / Arcadet -- Son pouvoit acquerir ta grace / Arcadet -- Vray dieu d'amours / Hilaire Penet -- Si cest un grief tourment / Goudimel -- Pour vous servir / Leschenet -- Je ne t'accuse amour / Goudimel -- Je suis un demi dieu / Certon -- Amour en moy renouvelle / Arcadet -- Pourquoy tournez vous vos yeus / Janequin -- Une jeunne pucelette / Goudimel -- Gentil Rossignol Cazanier / Certon -- M'Amye a bien le regard gratieux / Du tertre -- Plus tu cognois que je brule pour toy / Millot.
=510  4\$aFrançois Lesure and Geneviève Thibault, Bibliographie des Éditions d'Adrian Le Roy et Robert Ballard (1551-1598) (Paris: Société Française de Musicologie, 1955),$cno. 59.
=510  4\$aRISM B/I,$c1559⁹
=546  \\$bFrench words.$bStaff notation.
=650  \0$aPolyphonic chansons.
=700  1\$aArcadelt, Jacob,$dapproximately 1505-1568,$ecomposer.
=700  1\$aCerton, Pierre,$d-1572,$ecomposer.
=700  1\$aCortot, Alfred,$d1877-1962,$eformer owner.
=700  1\$aDu Tertre, Etienne,$ecomposer.
=700  1\$aGoudimel, Claude,$d-1572,$ecomposer.
=700  1\$aJanequin, Clément,$dapproximately 1495-approximately 1560,$ecomposer.
=700  1\$aLeschenet, Didier,$dactive 1553-1589,$ecomposer.
=700  1\$aMillot, Nicolas,$ecomposer.
=700  1\$aPenet, Hilaire,$d1501?-$ecomposer.
=700  1\$aRore, Cipriano de,$d1515 or 1516-1565,$ecomposer.
=710  2\$aAdrian Le Roy & Robert Ballard (Firm),$eprinter.
=752  \\$aFrance$dParis.$2lcsh/naf
=856  41$uhttp://purl.org/rism/BI/1559/9$yDigitised score
=859  \\$aXLD$bDCW
=852  4\$cDRT$jDigital Store K.11.e.3.(8.)$aBritish Library$bMUSIC
=985  \\$aRecord amended for WR# 13/070
=985  \\$aname title to add
=985  \\$aCorrected by MS generated file for WR# 1805-0738
=CAT  \\$aBATCH-DCW$b00$c20171222$lBLL01$h0201
=CAT  \\$a1805-0738$c20190111$lBLL01$h1808
=CAT  \\$a1805-0738$b00$c20190111$lBLL01$h1828
=CAT  \\$a12274$b40$c20220815$lBLL01$h1341
=FIN  \\$aY$d20171222
=LKR  \\$aPAR$lBLL01$r776$b004263560$mHuitiesme livre de chansons nouvellement composées en Musique à quatre parties /$nHuitiesme livre de chansons nouvellement composées en Musique à quatre parties /
=DGM  \\$a004263560$bCatBridge variable field
=DRT  \\$aDCW
=SRC  \\$aDCW$bDCW_20171221
=OHC  \\$a3
=LAS  \\$a12274$b40$c20220815$lBLL01$h1341

