=LDR  04710 cm a22007337  4500
=001  018656424
=003  Uk
=005  20171222020113.0
=007  cr\mn\024mpada
=008  930310s1569\\\\fr\||z\\s\\\\\\\\\\\fre\\
=FMT  \\$a  MU
=019  d\$acc08190033
=019  d\$acc08190034
=040  \\$aUk$beng$cUk
=042  \\$aukblsr
=082  14$a780$215
=130  1\$aChansons à quatre cinq & six parties.$n9e livre.
=245  10$aNeufieme livre de chansons à quatre cinq & six parties /$cde I. Arcadet & autres.
=264  \1$aA Paris :$bPar Adrian le Roy & Robert Ballard,$c1569.
=300  \\$a4 part books ;$c10 x 14 cm (oblong 8º)
=336  \\$anotated music$2rdacontent
=337  \\$acomputer$2rdamedia
=338  \\$aonline$2rdacarrier
=340  \\$m8vo$2rdabf
=500  \\$aAll four part works except for the last three, of which the first two are in five parts and the last one in six.
=500  \\$aCollection of chansons in four, five and six parts.
=500  \\$aCopy at K.11.e.3.(9.). Digitised score at http://purl.org/rism/BI/1569/14.$5Uk
=500  \\$aCopy at K.11.e.3.(9.). Superius (16 leaves), Tenor (16 leaves), Bassus (16 leaves); original foliation: [1], 2-16 f. (Superius, Tenor), [1], 2-9, 12, 11, 10, 13, 14-16 f. (Bassus); paper dimensions: 90 x 130 mm.$5Uk
=500  \\$aCopy at K.2.b.4.(8.) Tenor (16 leaves, original foliation: [1], 2-16 f.); paper dimensions: 88 x 128 mm.$5Uk
=500  \\$aTranscribed title page from tenor part book: NEVFIEME LIVRE. / DE CHANSONS / à quatre cinq & six parties / de. I. Arcadet / & autres. / Imprimé en quatre volumes. / A PARIS. / 1569 / Par Adrian le Roy & Robert Ballard, Imprimeurs / du Roy. / Auec priuilege de sa magesté / pour dix ans.
=500  \\$aWith a table of contents at the end. The second tenor part for Crequillon's 'Pis ne me peut venir' is found in the Bassus part book (ff. 13-14).
=505  0\$aEst-il douleur cruelle / Arcadet -- Me montre amour ou douceur / Arcadet -- Mais dequoy sert le desirer / Arcadet -- L'affection si long tems prisonniere / Arcadet -- 1. Si mon cœur a fait offence 2. [Trio.] Vous me pouvés bien madame commander / Arcadet -- 1. J'ay acquis un serviteur 2. [Trio.] Il m'a ja deux fois escrit / Arcadet -- 1. [Response] Celle que j'estime tant 2. [Trio.] Je ne puis à mon desir / Arcadet -- Vous m'avés promis ma mignonne / Goudimel -- Bel Aubepin verdissant, Fleurissa[n]t / Millot -- Amour en moy renouvelle / Arcadet -- Le tems peut bie[n] un beau teint effacer / Certon -- Las! Pour vo[us] trop aymer / Certon -- Ne pensés pas pour vous mo[n]strer cruelle / Goudimel -- Non je ne veux j'en jure / Arcadet -- Si l'ame estoit au cors se[m]blable / Goudimel -- Je t'ay do[n]né tout pouvoir dessus moy / Arcadet -- Pis ne me peut venir / Crequillon -- [Canon a la tierce] / Puis qu'ainsi est que tous ceux qui ont vie / Godard -- Par trop amour me pourchasse de pres / Fourmentin.
=510  4\$aFrançois Lesure and Geneviève Thibault, Bibliographie des Éditions d'Adrian Le Roy et Robert Ballard (1551-1598) (Paris: Société Française de Musicologie, 1955),$cno. 135.
=510  4\$aRISM B/I,$c1569 ¹⁴
=546  \\$aFrench words.
=650  \0$aPolyphonic chansons.
=700  1\$aArcadelt, Jacob,$dapproximately 1505-1568,$ecomposer.
=700  1\$aBallard, Robert,$d-1588,$eprinter.
=700  1\$aCerton, Pierre,$d-1572,$ecomposer.
=700  1\$aCortot, Alfred,$d1877-1962,$eformer owner.
=700  1\$aCrecquillon, Thomas,$d-1557?,$ecomposer.
=700  1\$aFourmentin,$ecomposer.
=700  1\$aGodard, Robert,$dactive 1536-1560,$ecomposer.
=700  1\$aGoudimel, Claude,$d-1572,$ecomposer.
=700  1\$aLe Roy, Adrian,$dapproximately 1520-1598,$eprinter.
=700  1\$aMillot, Nicolas,$ecomposer.
=710  2\$aAdrian Le Roy & Robert Ballard (Firm),$eprinter.
=752  \\$aFrance$dParis.$2lcsh/naf
=856  41$uhttp://purl.org/rism/BI/1569/14$yDigitised score
=859  \\$aXLD$bDCW
=852  4\$cDRT$jDigital Store K.11.e.3.(9.)$aBritish Library$bMUSIC
=985  \\$aRecord amended for WR# 13/070
=985  \\$aname title to add
=985  \\$aCorrected by MS generated file for WR# 1805-0738
=CAT  \\$aBATCH-DCW$b00$c20171222$lBLL01$h0201
=CAT  \\$a1805-0738$c20190111$lBLL01$h1808
=CAT  \\$a1805-0738$b00$c20190111$lBLL01$h1828
=FIN  \\$aY$d20171222
=LKR  \\$aPAR$lBLL01$r776$b004263563$mNeufieme livre de chansons à quatre cinq & six parties /$nNeufieme livre de chansons à quatre cinq & six parties /
=DGM  \\$a004263563$bCatBridge variable field
=DRT  \\$aDCW
=SRC  \\$aDCW$bDCW_20171221
=OHC  \\$a2
=LAS  \\$a1805-0738$b00$c20190111$lBLL01$h1828

