=LDR  04399 cm a22007457  4500
=001  018656425
=003  Uk
=005  20171222020113.0
=007  cr\mn\024mpada
=008  930310s1567\\\\fr\||z\\s\\\\\\\\\\\fre\\
=FMT  \\$a  MU
=019  d\$acc08190039
=019  d\$acc08190040
=040  \\$aUk$beng$cUk
=042  \\$aukblsr
=082  14$a780$215
=130  1\$aChansons à quatre & cinq parties.$n11e livre.
=245  10$aUnsieme livre de chansons à quatre & cinq parties /$cpar plusieurs autheurs.
=264  \1$aA Paris :$bPar Adrian le Roy & Robert Ballard,$c1567.
=300  \\$a4 part books ;$c10 x 14 cm (oblong 8º)
=336  \\$anotated music$2rdacontent
=337  \\$acomputer$2rdamedia
=338  \\$aonline$2rdacarrier
=340  \\$m8vo$2rdabf
=500  \\$aAll four-part works except for the first two, which are in five parts.
=500  \\$aCollection of chansons in four and five parts, with a table of contents at the end.
=500  \\$aCopy at K.11.e.3.(11.). Digitised score at http://purl.org/rism/BI/1567/7.$5Uk
=500  \\$aCopy at K.11.e.3.(11.). Superius (16 leaves), Tenor (16 leaves), Bassus (16 leaves); original foliation: [1], 2-16 f. in each part book; paper dimensions: 90 x 130 mm.$5Uk
=500  \\$aCopy at K.2.b.4.(10.). Tenor (16 leaves); original foliation: [1], 2-16 f.; paper dimensions: 88 x 128 mm.$5Uk
=500  \\$aRevised edition of the 1559 edition (RISM 1559 ¹¹). The contents are the same as in the 1559 edition but the works are grouped in a different order. The table of contents lists the original grouping of the works on the following themes: Chasse de la Perdrix; Le chant du Rossignol; Deux quarrilons and Guerre marine.
=500  \\$aTranscribed title page from tenor part book: VNSIEME LIVRE / DE CHANSONS / à quatre & cinq parties, par / plusieurs autheurs. / Imprimé en quatre volumes. / A PARIS. / Par Adrian le Roy, & Robert Ballard, Imprimeurs / du Roy. / 1567 / Auec priuilege de sa majesté. / Pour dix ans.
=505  0\$aReveillez vous tous gentils compagnons / Formentin -- Reveillez vous tous plaisa[n]s amoureux / Formentin -- 1.Sus Mathelotz 2. [Seconde partie] Enfans susbout / Desbordes -- As tu point la quelque esparvier / Delafont -- En escoutant le chant melodieux / Certon -- Venez danser au son de ma musette / Costeley -- Or dansons, dansons donc / Touteau -- [Canon ad longum.] / Qui veut ouir chansonnette / Nicolas -- Tu me fais mourir de me dire / Goudimel -- Du jour que je feuz amoureux / Goudimel -- Celuy qui n'ayme est malheureux / Goudimel -- Il me semble que la journée Coule plus lo[n]gue q'une année / Goudimel.
=510  4\$aFrançois Lesure and Geneviève Thibault, Bibliographie des Éditions d'Adrian Le Roy et Robert Ballard (1551-1598) (Paris: Société Française de Musicologie, 1955),$cno. 123.
=510  4\$aRISM B/I,$c1567 ⁷
=546  \\$aFrench words.
=650  \0$aPolyphonic chansons.
=700  1\$aBallard, Robert,$d-1588,$eprinter.
=700  1\$aCerton, Pierre,$d-1572,$ecomposer.
=700  1\$aCortot, Alfred,$d1877-1962,$eformer owner.
=700  1\$aCosteley, Guillaume,$d1530?-1606,$ecomposer.
=700  1\$aDelafont,$ecomposer.
=700  1\$aDes Bordes,$ecomposer.
=700  1\$aFourmentin,$ecomposer.
=700  1\$aGoudimel, Claude,$d-1572,$ecomposer.
=700  1\$aLe Roy, Adrian,$dapproximately 1520-1598,$eprinter.
=700  1\$aNicolas, Guillaume,$dactive 1533-1578,$ecomposer.
=700  1\$aTouteau,$ecomposer.
=710  2\$aAdrian Le Roy & Robert Ballard (Firm)
=752  \\$aFrance$dParis.$2lcsh/naf
=856  41$uhttp://purl.org/rism/BI/1567/7$yDigitised score
=859  \\$aXLD$bDCW
=852  4\$cDRT$jDigital Store K.11.e.3.(11.)$aBritish Library$bMUSIC
=985  \\$aRecord amended for WR# 13/070
=985  \\$aname title to add
=985  \\$aCorrected by MS generated file for WR# 1805-0738
=CAT  \\$aBATCH-DCW$b00$c20171222$lBLL01$h0201
=CAT  \\$a1805-0738$c20190111$lBLL01$h1808
=CAT  \\$a1805-0738$b00$c20190111$lBLL01$h1828
=FIN  \\$aY$d20171222
=LKR  \\$aPAR$lBLL01$r776$b004263567$mUnsieme livre de chansons à quatre & cinq parties /$nUnsieme livre de chansons à quatre & cinq parties /
=DGM  \\$a004263567$bCatBridge variable field
=DRT  \\$aDCW
=SRC  \\$aDCW$bDCW_20171221
=OHC  \\$a2
=LAS  \\$a1805-0738$b00$c20190111$lBLL01$h1828

