=LDR  04315 cm a22006977  4500
=001  018656426
=003  Uk
=005  20171222020113.0
=007  cr\mn\024mpada
=008  930310s1569\\\\fr\||z\\s\\\\\\\\\\\fre\\
=FMT  \\$a  MU
=019  d\$acc08190043
=019  d\$acc08190044
=040  \\$aUk$beng$cUk
=042  \\$aukblsr
=082  14$a780$215
=130  1\$aChansons à quatre & cinq parties.$n12e livre.
=245  10$aDousieme livre de chansons à quatre & cinq parties /$cd'Orlande de Lassus & autres autheurs.
=264  \1$aA Paris :$bAdrian le Roy & Robert Ballard,$c1569.
=300  \\$a4 part books ;$c10 x 14 cm (oblong 8º)
=336  \\$anotated music$2rdacontent
=337  \\$acomputer$2rdamedia
=338  \\$aonline$2rdacarrier
=340  \\$m8vo$2rdabf
=500  \\$aCollection of chansons. All are four-part works except for the last four, which are in five parts.
=500  \\$aCopy at K.11.e.3.(12.). Digitised score at http://purl.org/rism/BI/1569/15.$5Uk
=500  \\$aCopy at K.11.e.3.(12.). Superius (16 leaves), Tenor (16 leaves), Bassus (16 leaves); original foliation: [1], 2-16 f. in each part book; paper dimensions: 90 x 130 mm.$5Uk
=500  \\$aCopy at K.2.b.4.(11.). Tenor (16 leaves); original foliation: [1], 2-16 f.; paper dimensions: 88 x 128 mm.$5Uk
=500  \\$aRevised edition of RISM B/I 1565 ⁶. With a table of contents at the end.
=500  \\$aTranscribed title page from contratenor part book: DOVSIEME LIVRE / DE CHANSONS / à quatre & cinq parties, / D'orlande de lassus / & autres / Imprimé en quatre volumes. / A PARIS. / 1572 / Par Adrian le Roy, & Robert Ballard. / Imprimeurs du Roy. / Auec priuilege de sa magesté pour dix ans.
=505  0\$aLas voulez vous q'une personne chante / Orlande -- Je l'ayme bien & l'aymeray / Orlande -- Si le long tems à moy trop rigoureux / Orlande -- Avecques vous mon amour finira / Orlande -- Helas quel jour / Orlande -- Comment amour me veux tu tourmenter / Arcadet -- Plus tu cognois q[ue] je brusle pour toy / Goudimel -- O tems divers qui me deffe[n]d de voir / Orlande -- En espoir vy & crainte me tourmente / Orlande -- Trop endurer sans avoir allegea[n]ce / Orlande -- Amour se plaint de ton forfait / Arcadet -- Vray Dieu disoit une fillette / Orlande -- Complainte de la Torterelle. / Que dis-tu, que fais tu pensive / Entraigues -- En ce moys delitieux / Nicolas -- (A cinq) Rends moy mon cœur / Orlande -- (A cinq) Las me faut il ta[n]t de mal supporter / Orlande -- (A cinq) Un triste cœur remply de fantasie / Orlande -- (A cinq) Est-il possible à moy povoir trouver / Orlande.
=510  4\$aFrançois Lesure and Geneviève Thibault, Bibliographie des Éditions d'Adrian Le Roy et Robert Ballard (1551-1598) (Paris: Société Française de Musicologie, 1955),$cno. 136.
=510  4\$aRISM B/I,$c1569 ¹⁵
=546  \\$aFrench words.
=650  \0$aPolyphonic chansons.
=700  1\$aArcadelt, Jacob,$dapproximately 1505-1568,$ecomposer.
=700  1\$aBallard, Robert,$d-1588,$eprinter.
=700  1\$aCortot, Alfred,$d1877-1962,$eformer owner.
=700  1\$aEntraigues,$dactive 1547-1559,$ecomposer.
=700  1\$aGoudimel, Claude,$d-1572,$ecomposer.
=700  1\$aLasso, Orlando di,$d1532-1594,$ecomposer.
=700  1\$aLe Roy, Adrian,$dapproximately 1520-1598,$eprinter.
=700  1\$aNicolas, Guillaume,$dactive 1533-1578,$ecomposer.
=710  2\$aAdrian Le Roy & Robert Ballard (Firm),$eprinter.
=752  \\$aFrance$dParis.$2lcsh/naf
=856  41$uhttp://purl.org/rism/BI/1569/15$yDigitised score
=859  \\$aXLD$bDCW
=852  4\$cDRT$jDigital Store K.11.e.3.(12.)$aBritish Library$bMUSIC
=985  \\$aRecord amended for WR# 13/070
=985  \\$aname title to add
=985  \\$aCorrected by MS generated file for WR# 1805-0738
=CAT  \\$aBATCH-DCW$b00$c20171222$lBLL01$h0201
=CAT  \\$a1805-0738$c20190111$lBLL01$h1808
=CAT  \\$a1805-0738$b00$c20190111$lBLL01$h1828
=FIN  \\$aY$d20171222
=LKR  \\$aPAR$lBLL01$r776$b004263571$mDousieme livre de chansons à quatre & cinq parties /$nDousieme livre de chansons à quatre & cinq parties /
=DGM  \\$a004263571$bCatBridge variable field
=DRT  \\$aDCW
=SRC  \\$aDCW$bDCW_20171221
=OHC  \\$a2
=LAS  \\$a1805-0738$b00$c20190111$lBLL01$h1828

