=LDR  04348 cm a22006857a 4500
=001  018656427
=003  Uk
=005  20171222020113.0
=007  cr\mn\024mpada
=008  930310s1559\\\\fr\||z\\s\\\\\\\|\\\fre\\
=FMT  \\$a  MU
=019  d\$acc08190046
=040  \\$aUk$beng$cUk
=042  \\$aukblsr
=082  14$a780$215
=130  0\$aChansons nouvellement.$n13e livre
=245  10$aTreziesme livre de chansons nouvellement composées en musique à quatre parties /$cpar plusieurs autheurs.
=264  \1$aA Paris :$bde l'imprimerie d'Adrian le Roy & Robert Ballard,$c1559.
=300  \\$a4 part books ;$c10 x 14 cm, (oblong 8º)
=336  \\$anotated music$2rdacontent
=337  \\$acomputer$2rdamedia
=338  \\$aonline$2rdacarrier
=340  \\$m8vo$2rdabf
=500  \\$aCollection of chansons in three and four parts.
=500  \\$aCopy at K.11.e.3.(13.). Digitised score at http://purl.org/rism/BI/1559/13.$5Uk
=500  \\$aCopy at K.11.e.3.(13.). Superius (16 leaves), tenor (16 leaves), bassus (16 leaves); original foliation: [1], 2-16 f. in each part book; paper dimensions: 90 x 130 mm.$5Uk
=500  \\$aTranscribed title page from tenor part book: TREZIESME LIVRE DE CHANSONS / nouuellement composées en Musique à quatre parties, par plu- / sieurs autheurs, imprimées en quatre volumes. / TE-NOR. / A PARIS. / De l'imprimerie d'Adrian le Roy, & Robert Ballard, Imprimeurs du Roy, / rue S. Iean de Beauuais, à l'enseigne Sainte Geneuieue. 1559. / Auec priuilege du Roy, pour dix ans.
=500  \\$aWith table of contents in the Bassus part book only.
=505  0\$aLa rose fleurie s'elle est bien cueillie / e Bussi- -- Toutes les fois que je pense au tourment / De Bussi -- Dequoy me sert de tanter la fortune / De Bussi -- Tout mien ou tien je veux ton vouloir / Roussel -- Finiz mes pleurs veux co[m]mencer de plaire / Roussel -- Je ne veux plus que cha[n]ter de tristesse / Roussel -- Chacun qui me voit to[us] les jours / Goudimel -- Non tant par mal qu'e[n] se moqua[n]t / Millot -- Plus je la voy plus la voir / Abran -- Veoir est beaucoup, le taire encore plus / Orlande de lassus -- Je n'auray point la grace que j'atten. / Roussel -- Ma doulce fleur ma marguerite (Trio) -- Rien n'y a plus contraire (Trio) / De Bussi -- Mon coeur se plaint & si a le plaisir (Trio) / De Bussi -- Qui veut sçavoir que c'est de patience (Trio) / De Bussi -- Ton feu s'estaint de ce que le mie[n]ard / Roussel -- Qui veut avecque moy se plaigna[n]t estre. (Seconde partie) Il ne cognoist amour qui n'a senty la flamme / Roussel.
=510  4\$aFrançois Lesure and Geneviève Thibault, Bibliographie des editions d'Adrian Le Roy et Robert Ballard (1551-1598) (Paris: Société Française de Musicologie, 1955),$cno. 64.
=510  4\$aRISM B/I,$c1559 ¹³
=546  \\$aFrench words.
=650  \0$aPolyphonic chansons.
=700  1\$aBallard, Robert,$d-1588,$eprinter.
=700  1\$aCortot, Alfred,$d1877-1962,$eformer owner.
=700  1\$aDe Bussy,$dactive 1553-83,$ecomposer.
=700  1\$aEbran,$dactive approximately 1543-64,$ecomposer.
=700  1\$aGoudimel, Claude,$d-1572,$ecomposer.
=700  1\$aLasso, Orlando di,$d1532-1594,$ecomposer.
=700  1\$aLe Roy, Adrian,$dapproximately 1520-1598,$eprinter.
=700  1\$aMillot, Nicolas,$ecomposer.
=700  1\$aRoussel, François,$dapproximately 1510-$ecomposer.
=710  2\$aAdrian Le Roy & Robert Ballard (Firm)
=752  \\$aFrance$dParis.$2lcsh/naf
=856  41$uhttp://purl.org/rism/BI/1559/13$yDigitised score
=859  \\$aXLD$bDCW
=852  4\$cDRT$jDigital Store K.11.e.3.(13.)$aBritish Library$bMUSIC
=985  \\$aRecord amended for WR# 13/070
=985  \\$aname title to add
=985  \\$aCorrected by MS generated file for WR# 1805-0738
=CAT  \\$aBATCH-DCW$b00$c20171222$lBLL01$h0201
=CAT  \\$a1805-0738$c20190111$lBLL01$h1808
=CAT  \\$a1805-0738$b00$c20190111$lBLL01$h1828
=FIN  \\$aY$d20171222
=LKR  \\$aPAR$lBLL01$r776$b004263574$mTreziesme livre de chansons nouvellement composées en musique à quatre parties /$nTreziesme livre de chansons nouvellement composées en musique à quatre parties /
=DGM  \\$a004263574$bCatBridge variable field
=DRT  \\$aDCW
=SRC  \\$aDCW$bDCW_20171221
=OHC  \\$a2
=LAS  \\$a1805-0738$b00$c20190111$lBLL01$h1828

