=LDR  03848 cm a22006377  4500
=001  018656428
=003  Uk
=005  20171222020114.0
=007  cr\mn\024mpada
=008  930310s1567\\\\fr\||z\\s\\\\\\\\\\\fre\\
=FMT  \\$a  MU
=019  d\$acc08190048
=040  \\$aUk$beng$cUk
=042  \\$aukblsr
=082  14$a780$215
=130  1\$aChansons à quatre & cinq parties.$n4e livre.
=245  10$aQuatorsieme livre de chansons à quatre & cinq parties /$cd'Orlande de Lassus & autres autheurs.
=264  \1$aA Paris :$bPar Adrian le Roy & Robert Ballard,$c1567.
=300  \\$a4 part books ;$c10 x 14 cm (oblong 8º)
=336  \\$anotated music$2rdacontent
=337  \\$acomputer$2rdamedia
=338  \\$aonline$2rdacarrier
=340  \\$m8vo$2rdabf
=500  \\$aCollection of chansons in four and five parts. All are four part works except for the last seven, which are in five parts.
=500  \\$aCopy at K.11.e.3.(14.). Digitised score at http://purl.org/rism/BI/1567/8.$5Uk
=500  \\$aCopy at K.11.e.3.(14.). Superius (16 leaves), Tenor (16 leaves), Bassus (16 leaves); original foliation: [1], 2-16 f. in each part book; paper dimensions: 90 x 130 mm.$5Uk
=500  \\$aTranscribed title page from tenor part book: QVATORSIEME LIVRE / DE CHANSONS / à quatre & cinq parties, D'orlande de lassus / & autres autheurs. / Imprimé en quatre volumes. / A PARIS. / Par Adrian le Roy, & Robert Ballard, Imprimeurs / du Roy. / 1567 / Auec priuilege de sa majesté. / Pour dix ans.
=500  \\$aWith a table of contents at the end.
=505  0\$aDu tems que j'estois amoureux / Arcadet -- Si le bien qui au plus grand bien / Arcadet - Vous ne pouvez au moins me reprocher / Arcadet -- Si vous regardez ma dame / Arcadet -- Vous qui m'oyez soupirer les ennuis / Nicolas -- Quant je te veux raconter mes douleurs / Nicolas -- Je suis attaint je le confesse / Arcadet -- Sa grand beauté a causé le desir / Arcadet -- Robin par bois & campagnes / Arcadet -- Le Rossignol plaisant & gratieux / Orlande -- Elle s'en va de moy la mieux aimée / Orlande -- Mon cœur se recomande à vous / Orlande -- Sur tous regrets le miens plus piteux / Orlande -- Susane un jour d'amour solicitée / Orlande -- Veux tu to[n] mal & le mie[n] secourir / Orlande -- Le voulez vous je suis tresbien contente / Orlande.
=510  4\$aFrançois Lesure and Geneviève Thibault, Bibliographie des Éditions d'Adrian Le Roy et Robert Ballard (1551-1598) (Paris: Société Française de Musicologie, 1955),$cno. 124.
=510  4\$aRISM B/I,$c1567 ⁸
=546  \\$aFrench words.
=650  \0$aPolyphonic chansons.
=700  1\$aBallard, Robert,$d-1588,$eprinter.
=700  1\$aCortot, Alfred,$d1877-1962,$eformer owner.
=700  1\$aLasso, Orlando di,$d1532-1594,$ecomposer.
=700  1\$aLe Roy, Adrian,$dapproximately 1520-1598,$eprinter.
=700  1\$aNicolas, Guillaume,$dactive 1533-1578,$ecomposer.
=710  2\$aAdrian Le Roy & Robert Ballard (Firm),$eprinter.
=752  \\$aFrance$dParis.$2lcsh/naf
=856  41$uhttp://purl.org/rism/BI/1567/8$yDigitised score
=859  \\$aXLD$bDCW
=852  4\$cDRT$jDigital Store K.11.e.3.(14.)$aBritish Library$bMUSIC
=985  \\$aRecord amended for WR# 13/070
=985  \\$aname title to add
=985  \\$aCorrected by MS generated file for WR# 1805-0738
=CAT  \\$aBATCH-DCW$b00$c20171222$lBLL01$h0201
=CAT  \\$a1805-0738$c20190111$lBLL01$h1808
=CAT  \\$a1805-0738$b00$c20190111$lBLL01$h1828
=FIN  \\$aY$d20171222
=LKR  \\$aPAR$lBLL01$r776$b004263576$mQuatorsieme livre de chansons à quatre & cinq parties /$nQuatorsieme livre de chansons à quatre & cinq parties /
=DGM  \\$a004263576$bCatBridge variable field
=DRT  \\$aDCW
=SRC  \\$aDCW$bDCW_20171221
=OHC  \\$a1
=LAS  \\$a1805-0738$b00$c20190111$lBLL01$h1828

