=LDR  04421 cm a22007097  4500
=001  018656429
=003  Uk
=005  20171222020114.0
=007  cr\mn\024mpada
=008  930310s1569\\\\fr\||z\\s\\\\\\\\\\\mul\|
=FMT  \\$a  MU
=019  d\$acc08190050
=040  \\$aUk$beng$cUk
=041  \\$afre$alat
=042  \\$aukblsr
=082  14$a780$215
=130  1\$aChansons à quatre & cinq parties.$n15e livre.
=245  10$aQuinzieme livre de chansons à quatre & cinq parties /$cd'Orlande de Lassus & autres autheurs.
=264  \1$aA Paris :$bPar Adrian le Roy & Robert Ballard,$c1569.
=300  \\$a4 part books ;$c10 x 14 cm (oblong 8º)
=336  \\$anotated music$2rdacontent
=337  \\$acomputer$2rdamedia
=338  \\$aonline$2rdacarrier
=340  \\$m8vo$2rdabf
=500  \\$aCollection of chansons in four, five and six parts. All are four-part works except for the last three, of which the first two are in five parts and the last one in six parts.
=500  \\$aCopy at K.11.e.3.(15.). Digitised score at http://purl.org/rism/BI/1569/16.$5Uk
=500  \\$aCopy at K.11.e.3.(15.). Superius (16 leaves), Tenor (16 leaves), Bassus (16 leaves); original foliation: [1], 2-16 f. (Tenor, Superius); [1], 2-11, 15, 13, 13, 15, 16 (Bassus); paper dimensions: 90 x 130 mm.$5Uk
=500  \\$aReprint of 1565 edition (RISM B/I 1565/7).
=500  \\$aThe second tenor part for Lassus's 'Alma venus' is found in the Bassus part on the recto of folios 12-15 (original pagination: 15, 13, 13, 15 [sic].
=500  \\$aTranscribed title page from tenor part book: QVINZIEME LIVRE / DE CHANSONS / à quatre & cinq parties, / D'orlande de lassus / & autres autheurs. / Imprimé en quatre volumes. / A PARIS. / Par Adrian le Roy, & Robert Ballard, Imprimeurs / du Roy. / 1569 /Auec priuilege de sa majesté. / Pour dix ans.
=505  0\$aJe ne veux rien q'un baiser de sa bouche / Orlande -- Un jour m'en allois seulette / Grouzi -- [1.] D'un extreme regret mortellement atteinte [2.] [Trio] D'une autre passion je me sentois blessée / Arcadet -- Celuy qui seullement a vaincu / Arcadet -- Un doux nenny avec un doux sourire / Orlande -- [1] Qui n'a senti q'une flamme [2] [Trio.] Avecques trop de constance / Arcadet -- Qui en terre desire, Voir le ciel / Arcadet - Le coeur qui n'est point amoureux / Arcadet -- [1] Le tems coule & passe [2] [Trio] Tandis que Zephire / Arcadet -- Mon benoit Dieu en qui je croy / Grouzy -- Si en mes mains as liberté / Nicolas -- Tant vous allés doux guillemette / Abran -- De tout mon coeur J'ayme la Marguerite / Orlande -- [1] Alma venus vultu languentem [2] Nunc elegos divae / Orlande -- Mon Pere si mi maria / Rouince.
=510  4\$aFrançois Lesure and Geneviève Thibault, Bibliographie des Éditions d'Adrian Le Roy et Robert Ballard (1551-1598) (Paris: Société Française de Musicologie, 1955),$cno. 137.
=510  4\$aRISM B/I,$c1569 ¹⁶
=546  \\$aWords mostly in French, but two chansons in Latin.
=650  \0$aPolyphonic chansons.
=700  1\$aArcadelt, Jacob,$dapproximately 1505-1568,$ecomposer.
=700  1\$aBallard, Robert,$d-1588,$eprinter.
=700  1\$aCortot, Alfred,$d1877-1962,$eformer owner.
=700  1\$aEbran,$ecomposer.
=700  1\$aGrouzy, Nicolas,$ecomposer.
=700  1\$aLasso, Orlando di,$d1532-1594,$ecomposer.
=700  1\$aLe Roy, Adrian,$dapproximately 1520-1598,$eprinter.
=700  1\$aNicolas [Guillaume],$ecomposer.
=700  1\$aRoince, Luigi,$ecomposer.
=710  2\$aAdrian Le Roy & Robert Ballard (Firm)
=752  \\$aFrance$dParis.$2lcsh/naf
=856  41$uhttp://purl.org/rism/BI/1569/16$yDigitised score
=859  \\$aXLD$bDCW
=852  4\$cDRT$jDigital Store K.11.e.3.(15.)$aBritish Library$bMUSIC
=985  \\$aRecord amended for WR# 13/070
=985  \\$aname title to add
=985  \\$aCorrected by MS generated file for WR# 1805-0738
=CAT  \\$aBATCH-DCW$b00$c20171222$lBLL01$h0201
=CAT  \\$a1805-0738$c20190111$lBLL01$h1808
=CAT  \\$a1805-0738$b00$c20190111$lBLL01$h1828
=FIN  \\$aY$d20171222
=LKR  \\$aPAR$lBLL01$r776$b004263578$mQuinzieme livre de chansons à quatre & cinq parties /$nQuinzieme livre de chansons à quatre & cinq parties /
=DGM  \\$a004263578$bCatBridge variable field
=DRT  \\$aDCW
=SRC  \\$aDCW$bDCW_20171221
=OHC  \\$a1
=LAS  \\$a1805-0738$b00$c20190111$lBLL01$h1828

