=LDR  04096 cm a22006617  4500
=001  018656430
=003  Uk
=005  20171222020114.0
=007  cr\mn\024mpada
=008  930310|1567\\\\fr\||z\\s\\\\\\\\\\\mul\\
=FMT  \\$a  MU
=019  d\$acc08190053
=040  \\$aUk$beng$cUk
=041  \\$afre$alat
=042  \\$aukblsr
=082  14$a780$215
=130  1\$aChansons à quatre & cinq parties.$n17e livre.
=245  10$aDixsetieme livre de chansons à quatre & cinq parties /$cpar Orlande de Lassus.
=264  \1$aA Paris :$bPar Adrian le Roy & Robert Ballard,$c1567.
=300  \\$a4 part books ;$c10 x 14 cm (oblong 8º)
=336  \\$anotated music$2rdacontent
=337  \\$acomputer$2rdamedia
=338  \\$aonline$2rdacarrier
=340  \\$m8vo$2rdabf
=500  \\$aCollection of chansons in four and five parts. All are four-part works except for the last five, which are in five parts. With a table of contents at the end.
=500  \\$aCopy at K.11.e.3.(17.). Digitised score at http://purl.org/rism/BI/1567/10.$5Uk
=500  \\$aCopy at K.11.e.3.(17.). Superius (16 leaves), Tenor (16 leaves), Bassus (15 leaves); original foliation: [1], 4, 3, 4-15, 2 f. (Superius); [1], 2-16 f. (Tenor); [1], 2-15 f. (Bassus); paper dimensions: 90 x 130 mm.$5Uk
=500  \\$aReprint of the 1565 edition (RISM B/I 1565 ⁹).
=500  \\$aTranscribed title page from tenor part book: DIXSETIEME LIVRE / DE CHANSONS / à quatre & cinq parties, par / Orlande de lassus. / Imprimé en quatre volumes. / A PARIS. / Par Adrian le Roy, & Robert Ballard, Imprimeurs / du Roy. / 1567 /Auec priuilege de sa majesté. / Pour dix ans.
=505  0\$aFleur de quinze ans / Orlande -- Noblesse gist au cœur du vertueux / Costeley -- Soyons joyeux sur la plaisant' verdure / Orlande -- Ardant amour souvent me fait instance / Orlande -- A ce matin ce seroit bo[n]ne estreine / Orlande -- [1] Entre nous tous pelerins [2] A la terre Prestre Ian [3] Nous irons a panpelune / Certon -- Du cors absent le cœur je te presente / Orlande -- J'ay cherché la science / Orlande -- La morre est jeu pire qu'aux quirres / Orlande -- Si vous n'estes en bon point / Orlande -- Le vray ami ne s'estonne de rien / Orlande -- Petite folle estes vous pas contente / Orlande -- Au feu, au feu venez moy secourir / Orlande -- A l'eau, a l'eau jettes toy vistement / Orlande -- Le departir est sans departement / Orlande -- Puis que fortune à sur moy entrepris / Orlande -- Quid prodest stulto / Orlande.
=510  4\$aFrançois Lesure and Geneviève Thibault, Bibliographie des Éditions d'Adrian Le Roy et Robert Ballard (1551-1598) (Paris: Société Française de Musicologie, 1955),$cno. 126.
=510  4\$aRISM B/I,$c1567 ¹⁰
=546  \\$aWords in French except for one chanson which is in Latin.
=650  \0$aPolyphonic chansons.
=700  1\$aBallard, Robert,$d-1588,$eprinter.
=700  1\$aCerton, Pierre,$d-1572,$ecomposer.
=700  1\$aCortot, Alfred,$d1877-1962,$eformer owner.
=700  1\$aCosteley, Guillaume,$d1530?-1606,$ecomposer.
=700  1\$aLasso, Orlando di,$d1532-1594,$ecomposer.
=700  1\$aLe Roy, Adrian,$dapproximately 1520-1598,$eprinter.
=710  2\$aAdrian Le Roy & Robert Ballard (Firm)
=752  \\$aFrance$dParis.$2lcsh/naf
=856  41$uhttp://purl.org/rism/BI/1567/10$yDigitised score
=859  \\$aXLD$bDCW
=852  4\$cDRT$jDigital Store K.11.e.3.(17.)$aBritish Library$bMUSIC
=985  \\$aRecord amended for WR# 13/070
=985  \\$aname title to add
=985  \\$aCorrected by MS generated file for WR# 1805-0738
=CAT  \\$aBATCH-DCW$b00$c20171222$lBLL01$h0201
=CAT  \\$a1805-0738$c20190111$lBLL01$h1808
=CAT  \\$a1805-0738$b00$c20190111$lBLL01$h1828
=FIN  \\$aY$d20171222
=LKR  \\$aPAR$lBLL01$r776$b004263581$mDixsetieme livre de chansons à quatre & cinq parties /$nDixsetieme livre de chansons à quatre & cinq parties /
=DGM  \\$a004263581$bCatBridge variable field
=DRT  \\$aDCW
=SRC  \\$aDCW$bDCW_20171221
=OHC  \\$a1
=LAS  \\$a1805-0738$b00$c20190111$lBLL01$h1828

