=LDR  04441 cm a22007217  4500
=001  018656431
=003  Uk
=005  20171222020114.0
=007  cr\mn\024mpada
=008  930310s1570\\\\fr\||z\\s\\\\\\\\\\\fre\\
=FMT  \\$a  MU
=019  d\$acc08190058
=019  d\$acc08190059
=040  \\$aUk$beng$cUk
=042  \\$aukblsr
=082  14$a780$215
=130  1\$aChansons à quatre & cinq parties.$n19e livre.
=245  10$aDixneufieme livre de chansons à quatre & cinq parties /$cd'Orlande de Lassus & autres.
=264  \1$aA Paris :$bPar Adrian le Roy & Robert Ballard,$c1570.
=300  \\$a4 part books ;$c10 x 14 cm (oblong 8º)
=336  \\$anotated music$2rdacontent
=337  \\$acomputer$2rdamedia
=338  \\$aonline$2rdacarrier
=340  \\$m8vo$2rdabf
=500  \\$aCollection of chansons in four and five parts. All four part works except for the last three which are in five parts. With a table of contents at the end.
=500  \\$aCopy at K.11.e.3.(19.). Digitised score at http://purl.org/rism/BI/1570/13.$5Uk
=500  \\$aCopy at K.11.e.3.(19.). Superius (16 leaves), Tenor (16 leaves), Bassus (16 leaves); original foliation: [1], 2-16 f. in each part book; paper dimensions: 90 x 130 mm.$5Uk
=500  \\$aCopy at K.2.b.4.(18.). Tenor (15 leaves); original foliation: [1], 2-15; paper dimensions: 88 x 128 mm.
=500  \\$aReprint of the 1567 edition (RISM B/I 1567 ¹¹). The second contratenor part for Costeley's 'Que vaut, Catin' and the second superius part for Costeley's 'Plus est servy' are found in the bassus part book.
=500  \\$aTranscribed title page from tenor part book: DIXNEVFIEME LIVRE / DE CHANSONS / à quatre & cinq parties, / d'Orlande de lassus, / & autres. / Imprimé en quatre volumes. / A PARIS. / 1570 / Par Adrian le Roy & Robert Ballard, Imprimeurs / du Roy. Auec priuilege de sa magesté / pour dix ans.
=505  0\$aSortez regretz & allegez mon cœur / Phl. de Monté -- Le fra[n]c archer à la guerre s'en va / Grouzy -- Et quant le diable vit venir / Marchandy -- Le tems passé je soupire / Orlande -- Hatez vous de me faire grace / Orlande -- En lieu secret je luy fus dire / Chevalier -- Quand l'ennuy facheux vo[us] pre[n]d / Costeley -- Bien bien je vous pardonne / Costeley -- Je l'ay si bien en mon entendement / Millot -- Ha maitresse mon soucy / Millot -- L'ennuy le dueil la peine & le martyre / Costeley -- Puis que ce beau moys / Costeley -- Allez mes premieres amours / Costeley -- Allon gay, gay, gay Bergeres / Costeley -- Mignonne allon voir si la roze / Costeley -- Que vaut Catin ceste fuitte frivolle / Costeley -- Plus est servy & plus se plaint / Costeley -- Le souvenir d'aymer me tient / Millot.
=510  4\$aFrançois Lesure and Geneviève Thibault, Bibliographie des Éditions d'Adrian Le Roy et Robert Ballard (1551-1598) (Paris: Société Française de Musicologie, 1955),$cno. 147.
=510  4\$aRISM B/I,$c1570 ¹³
=546  \\$aFrench words.
=650  \0$aPolyphonic chansons.
=700  1\$aBallard, Robert,$d-1588,$eprinter.
=700  1\$aChevalier,$ecomposer.
=700  1\$aCortot, Alfred,$d1877-1962,$eformer owner.
=700  1\$aCosteley, Guillaume,$d1530?-1606,$ecomposer.
=700  1\$aGrouzy, Nicolas,$ecomposer.
=700  1\$aLasso, Orlando di,$d1532-1594,$ecomposer.
=700  1\$aLe Roy, Adrian,$dapproximately 1520-1598,$eprinter.
=700  1\$aMarchandy,$ecomposer.
=700  1\$aMillot, Nicolas,$ecomposer.
=700  1\$aMonte, Philippe de,$d1521-1603,$ecomposer.
=710  2\$aAdrian Le Roy & Robert Ballard (Firm)
=752  \\$aFrance$dParis.$2lcsh/naf
=856  41$uhttp://purl.org/rism/BI/1570/13$yDigitised score
=859  \\$aXLD$bDCW
=852  4\$cDRT$jDigital Store K.11.e.3.(19.)$aBritish Library$bMUSIC
=985  \\$aRecord amended for WR# 13/070
=985  \\$aname title to add
=985  \\$aCorrected by MS generated file for WR# 1805-0738
=CAT  \\$aBATCH-DCW$b00$c20171222$lBLL01$h0201
=CAT  \\$a1805-0738$c20190111$lBLL01$h1808
=CAT  \\$a1805-0738$b00$c20190111$lBLL01$h1828
=FIN  \\$aY$d20171222
=LKR  \\$aPAR$lBLL01$r776$b004263583$mDixneufieme livre de chansons à quatre & cinq parties /$nDixneufieme livre de chansons à quatre & cinq parties /
=DGM  \\$a004263583$bCatBridge variable field
=DRT  \\$aDCW
=SRC  \\$aDCW$bDCW_20171221
=OHC  \\$a2
=LAS  \\$a1805-0738$b00$c20190111$lBLL01$h1828

