=LDR  04392 cm a22007097  4500
=001  018656432
=003  Uk
=005  20171222020114.0
=007  cr\mn\024mpada
=008  930310s1569\\\\fr\||z\\s\\\\\\\\\\\mul\\
=FMT  \\$a  MU
=019  d\$acc08190061
=040  \\$aUk$beng$cUk
=041  \\$afre$alat
=042  \\$aukblsr
=082  14$a780$215
=130  1\$aChansons à quatre & cinq parties.$n20e livre.
=245  10$aVingtieme livre de chansons à quatre & cinq parties /$cd'Orlande de Lassus & autres.
=264  \1$aA Paris :$bPar Adrian le Roy & Robert Ballard,$c1569.
=300  \\$a4 part books ;$c10 x 14 cm (oblong 8º)
=336  \\$anotated music$2rdacontent
=337  \\$acomputer$2rdamedia
=338  \\$aonline$2rdacarrier
=340  \\$m8vo$2rdabf
=500  \\$aCollection of chansons in four, five and six parts. All are four-part works except for the last four, of which the first three are in five parts and the last one in six. With a table of contents at the end.
=500  \\$aCopy at K.11.e.3.(20.). Digitised score at http://purl.org/rism/BI/1569/17.$5Uk
=500  \\$aCopy at K.11.e.3.(20.). Superius (16 leaves), Tenor (16 leaves), Bassus (16 leaves); original foliation: [1], 2-16 f. in each part book; paper dimensions: 90 x 130 mm.$5Uk
=500  \\$aThe second tenor part for Lasso's 'Au tems jadis' is found in the superius part book; the second tenor part for Lasso's 'J'attends le tems' is in the bassus part book, and the second superius part of Lasso's 'Nunc gaudere licet' is in the bassus part book.
=500  \\$aTranscribed title page from tenor part book: VINGTIEME LIVRE / DE CHANSONS / à quatre & cinq parties / D'orlande de lassus / & autres. / Imprimé en quatre volumes. / A PARIS. / Par Adrian le Roy, & Robert Ballard, / Imprimeurs du Roy. / AVEC PRIVILEGE DE SA / MAGESTE. / 1569.
=505  0\$aHe que volez vous dire / Millot -- Ma mignonne baisez moy / Millot -- Dittes maitresse he que vous ay-je fait / Millot -- L'autrier priay de danser / Costelay -- Vivons mignarde en noz amours / N. la Grotte -- Quand le berger vit la bergere / Costelay -- Ennuy plaisir joye tristesse / Millot -- Je suis devenu amoureux depuis trois mois / Petit Jehan -- Tais toy babillarde Arondelle / Briault -- Je te preste ma cheminée / Briault -- Dialogue de L'amant & Canon. / Hola Caron / Berçoy -- A ce joly matinet / Costelay -- Je n'ay plaisir si non en ta presence / Costelay - O ma belle maitresse / Millot - J'attens le tems / Orlande -- Ardent amour souvent me fait instance / Orlande -- Au tems jadis / Orlande -- Nunc gaudere licet / Orlande.
=510  4\$aFrançois Lesure and Geneviève Thibault, Bibliographie des Éditions d'Adrian Le Roy et Robert Ballard (1551-1598) (Paris: Société Française de Musicologie, 1955),$cno. 138.
=510  4\$aRISM B/I,$c1569 ¹⁷
=546  \\$aWords mostly in French; one chanson in Latin.
=650  \0$aPolyphonic chansons.
=700  1\$aBallard, Robert,$d-1588,$eprinter.
=700  1\$aBerçoy,$ecomposer.
=700  1\$aBriault,$ecomposer.
=700  1\$aCortot, Alfred,$d1877-1962,$eformer owner.
=700  1\$aCosteley, Guillaume,$d1530?-1606,$ecomposer.
=700  1\$aLa Grotte, Nicolas de,$d1530-approximately 1600,$ecomposer.
=700  1\$aLasso, Orlando di,$d1532-1594,$ecomposer.
=700  1\$aLe Roy, Adrian,$dapproximately 1520-1598,$eprinter.
=700  1\$aMillot, Nicolas,$ecomposer.
=700  1\$aPetit Jehan, Claude,$ecomposer.
=710  2\$aAdrian Le Roy & Robert Ballard (Firm)
=752  \\$aFrance$dParis.$2lcsh/naf
=856  41$uhttp://purl.org/rism/BI/1569/17$yDigitised score
=859  \\$aXLD$bDCW
=852  4\$cDRT$jDigital Store K.11.e.3.(20.)$aBritish Library$bMUSIC
=985  \\$aRecord amended for WR# 13/070
=985  \\$aname title to add
=985  \\$aCorrected by MS generated file for WR# 1805-0738
=CAT  \\$aBATCH-DCW$b00$c20171222$lBLL01$h0201
=CAT  \\$a1805-0738$c20190111$lBLL01$h1808
=CAT  \\$a1805-0738$b00$c20190111$lBLL01$h1828
=FIN  \\$aY$d20171222
=LKR  \\$aPAR$lBLL01$r776$b004263586$mVingtieme livre de chansons à quatre & cinq parties /$nVingtieme livre de chansons à quatre & cinq parties /
=DGM  \\$a004263586$bCatBridge variable field
=DRT  \\$aDCW
=SRC  \\$aDCW$bDCW_20171221
=OHC  \\$a1
=LAS  \\$a1805-0738$b00$c20190111$lBLL01$h1828

