=LDR  05063 cm a22008177  4500
=001  018656433
=003  Uk
=005  20171222020114.0
=007  cr\mn\024mpada
=008  930310s1567\\\\fr\||z\\s\\\\\\\\\\\mul\\
=FMT  \\$a  MU
=019  d\$acc08190063
=019  d\$acc08190064
=040  \\$aUk$beng$cUk
=041  \\$afre$aita
=042  \\$aukblsr
=082  14$a780$215
=130  1\$aRecueil des recueils.$n1er.
=245  10$aPremier recueil des recueils /$ccomposé à quatre parties de plusieurs autheurs.
=264  \1$aA Paris :$bPar Adrian le Roy & Robert Ballard,$c1567.
=300  \\$a4 part books ;$c10 x 14 cm (oblong 8º)
=336  \\$anotated music$2rdacontent
=337  \\$acomputer$2rdamedia
=338  \\$aonline$2rdacarrier
=340  \\$m8vo$2rdabf
=500  \\$aCollection of chansons in four parts (SATB ). With a table of contents at the end.
=500  \\$aCopy at K.11.e.3.(21.). Digitised score at http://purl.org/rism/BI/1567/12.$5Uk
=500  \\$aCopy at K.11.e.3.(21.). Superius (16 leaves), Tenor (16 leaves), Bassus (16 leaves); original foliation: [1], 2-16 f. in each part book; paper dimensions: 90 x 130 mm.$5Uk
=500  \\$aRevised edition of RISM B/I 1554 ²⁵; reprint of the 1561 edition (RISM B/I 1561 ⁷).
=500  \\$aTranscribed title page from tenor part book: PREMIER RECVEIL / DES RECVEILS. / composé à quatre parties de / plusieurs autheurs. / Imprimé en quatre volumes. / A PARIS. / Par Adrian le Roy, & Robert Ballard, Imprimeurs / du Roy. / 1567 / Auec priuilege de sa majesté. / Pour dix ans.
=505  0\$aHors envieux retirez vous d'icy / Gombert -- Si la promesse m'est tenue / Maillard -- M'amye un jour le Dieu Mars desarma / Certon -- Je cherche auta[n]t amour & le desire / Boyvin -- Qui souhaittés avoir tout le plaisir / De Bussy -- Il ne se trouve en amytié / Sandrin -- O comme heureux t'estimerois mon cœur / Certon -- Voulant honneur que de vous je m'absente / Sandrin -- Si j'ay du bien helas c'est par me[n]songe / Sandrin -- Je suis desheritée puis q[ue] j'ay perdue mon amy / Cadeac -- Las qu'on cogneut mo[n] vonloir sans le dire / Sandrin -- Si quelque fois deva[n]t vous me prese[n]te / Sandrin - O passi sparsi, ô pensier vaghi / Const. Festa -- Dueil double dueil, renfort de desplaisir / Hesdin -- Au tems heureux q[ue] ma jeune ignora[n]ce / Arcadet -- Au fue au fue venés moy secourir / Maillard -- Voyant souffrir celle qui me tourmente / Jacotin -- D'amour me plains & no[n] de vo[us] m'amye / Roger -- Puisque de vous je n'ay autre visage / Sandrin -- Toutes les nuits que sans vous je me couche / Crequillon -- [Response] Qu'est il besoin cercher toutes les nuits / Crequillon -- Mon pensement ne gist qu'e[n] v[ot]re fait / Gombert -- M'amye est tant honneste & sage / Sandrin - De qui plus tost mai[n]tena[n]t / Sandrin -- Je sens l'affection qui à moy se vient rendre / Boyvin.
=510  4\$aFrançois Lesure and Geneviève Thibault, Bibliographie des Éditions d'Adrian Le Roy et Robert Ballard (1551-1598) (Paris: Société Française de Musicologie, 1955),$cno. 129.
=510  4\$aRISM B/I,$c1567 ¹²
=546  \\$aFrench words.
=650  \0$aPolyphonic chansons.
=700  0\$aJacotin,$ecomposer.
=700  0\$aRoger,$ecomposer.
=700  0\$aSandrin,$dactive 1538-1561,$ecomposer.
=700  1\$aArcadelt, Jacob,$dapproximately 1505-1568,$ecomposer.
=700  1\$aBallard, Robert,$d-1588,$eprinter.
=700  0\$aBoyvin,$dactive approximately 1540-approximately 1545,$ecomposer.
=700  1\$aCadéac, Pierre,$ecomposer.
=700  1\$aCerton, Pierre,$d-1572,$ecomposer.
=700  1\$aCortot, Alfred,$d1877-1962,$eformer owner.
=700  1\$aCrecquillon, Thomas,$d-1557?,$ecomposer.
=700  1\$aDe Bussy,$ecomposer.
=700  1\$aFesta, Sebastiano,$d-1524,$ecomposer.
=700  1\$aGombert, Nicolas,$dactive 16th century,$ecomposer.
=700  1\$aHesdin, Nicolle des Celliers d',$d-1538,$ecomposer.
=700  1\$aLe Roy, Adrian,$dapproximately 1520-1598,$eprinter.
=700  1\$aMaillard, Jean,$dactive 1538-1572,$ecomposer.
=710  2\$aAdrian Le Roy & Robert Ballard (Firm)
=752  \\$aFrance$dParis.$2lcsh/naf
=856  41$uhttp://purl.org/rism/BI/1567/12$yDigitised score
=859  \\$aXLD$bDCW
=852  4\$cDRT$jDigital Store K.11.e.3.(21.)$aBritish Library$bMUSIC
=985  \\$aRecord amended for WR# 13/070
=985  \\$aname title to add
=985  \\$aCorrected by MS generated file for WR# 1805-0738
=CAT  \\$aBATCH-DCW$b00$c20171222$lBLL01$h0201
=CAT  \\$aBATCH-UPD$b00$c20181218$lBLL01$h1918
=CAT  \\$a1805-0738$c20190121$lBLL01$h1743
=CAT  \\$a1805-0738$b00$c20190121$lBLL01$h1745
=CAT  \\$aBATCH-UPD$b00$c20190404$lBLL01$h2034
=FIN  \\$aY$d20171222
=LKR  \\$aPAR$lBLL01$r776$b004263588$mPremier recueil des recueils /$nPremier recueil des recueils /
=DGM  \\$a004263588$bCatBridge variable field
=DRT  \\$aDCW
=SRC  \\$aDCW$bDCW_20171221
=OHC  \\$a2
=LAS  \\$aBATCH-UPD$b00$c20190404$lBLL01$h2034

