=LDR  04508 cm a22007697  4500
=001  018656434
=003  Uk
=005  20171222020114.0
=007  cr\mn\024mpada
=008  930310s1564\\\\fr\||z\\s\\\\\\\\\\\fre\|
=FMT  \\$a  MU
=019  d\$acc08190065
=040  \\$aUk$beng$cUk
=041  1\$afre$aita
=042  \\$aukblsr
=082  14$a780$215
=130  1\$aSecond Recueil des recueils.$n2e.
=245  10$aSecond recueil des recueils /$ccomposé à quatre parties de plusieurs autheurs.
=264  \1$aA Paris :$bPar Adrian le Roy & Robert Ballard,$c1564.
=300  \\$a4 part books ;$c10 x 14 cm (oblong 8º)
=336  \\$anotated music$2rdacontent
=337  \\$acomputer$2rdamedia
=338  \\$aonline$2rdacarrier
=340  \\$m8vo$2rdabf
=500  \\$aCollection of chansons in four parts (SATB).
=500  \\$aCopy at K.11.e.3.(22.). Digitised score at http://purl.org/rism/BI/1564/12.$5Uk
=500  \\$aCopy at K.11.e.3.(22.). Superius (16 leaves), Tenor (16 leaves), Bassus (16 leaves); original foliation: [1], 2-16 f. in each part book; paper dimensions: 90 x 130 mm.$5Uk
=500  \\$aTranscribed title page from tenor part book: SECOND RECVEIL. / DES RECVEILS. / composé à quatre parties de / plusieurs autheurs. / Imprimé en quatre volumes. / A PARIS. / Par Adrian le Roy, & Robert Ballard, Imprimeurs / du Roy. / 1564. / Auec priuilege de sa maiesté. / Pour dix ans.
=500  \\$aWith a table of contents at the end.
=505  0\$aDouce esperance esveillez vostre coeur / Jacquet -- Vray dieu tant j'ay le coeur gay / Vassal -- Je fille quand dieu m'y donne dequoy / Gosse -- A l'ombre d'un vert buisson / Maillard -- Rien n'est plus cher que ce que l'on desire / De Villiers -- Force d'amour souvent me veut contraindre / Villiers -- Veu le grief mal que longuement / De Villiers -- Venons au point, c'est trop eu de langage / Maillard -- [Response] Mon seul espoir à tousiours pretendu / Maillard -- Si co[m]me espoir je n'ay de guerison / Maillard -- Sur tous regrets les miens plus piteux / Richafort -- De tant aymer sans avoir jouissance / Maillard -- Je ne seray jamais bergere / Passereau -- Contentement, combien que soit grand chose / Jacotin -- Quand'io pens' al martire / Arcadet -- Revien vers moy qui suis tant desolée / Lupi -- Plus revenir ne puis vers toy / Lupi -- Ouvrés moy l'huys he Janneton / Jannequin -- En vous voyant j'ay liberté perdue / Rogier.
=510  4\$aFrançois Lesure and Geneviève Thibault, Bibliographie des Éditions d'Adrian Le Roy et Robert Ballard (1551-1598) (Paris: Société Française de Musicologie, 1955),$cno. 91.
=510  4\$aRISM B/I,$c1564 ¹²
=546  \\$aFrench or Italian words.
=650  \0$aPolyphonic chansons.
=700  0\$aJacotin,$ecomposer.
=700  0\$aJacquet,$cof Mantua,$d1483-1559,$ecomposer.
=700  1\$aArcadelt, Jacob,$dapproximately 1505-1568.
=700  1\$aBallard, Robert,$d-1588,$eprinter.
=700  1\$aCortot, Alfred,$d1877-1962,$eformer owner.
=700  1\$aGosse,$cMaistre,$dactive 1520-1565,$ecomposer.
=700  1\$aJanequin, Clément,$dapproximately 1495-approximately 1560,$ecomposer.
=700  1\$aLe Roy, Adrian,$dapproximately 1520-1598,$eprinter.
=700  1\$aLupi, Johannes,$d-1539,$ecomposer.
=700  1\$aMaillard, Jean,$dactive 1538-1572,$ecomposer.
=700  1\$aPassereau, Pierre,$dactive 1509-1547,$ecomposer.
=700  1\$aPathie, Rogier,$dapproximately 1510-$ecomposer.
=700  1\$aRichafort, Jean,$dactive 1507-1548,$ecomposer.
=700  1\$aVassal,$dactive 16th century,$ecomposer.
=700  1\$aVilliers, Pierre de,$dactive 16th century,$ecomposer.
=710  2\$aAdrian Le Roy & Robert Ballard (Firm)
=752  \\$aFrance$dParis.$2lcsh/naf
=856  41$uhttp://purl.org/rism/BI/1564/12$yDigitised score
=859  \\$aXLD$bDCW
=852  4\$cDRT$jDigital Store K.11.e.3.(22.)$aBritish Library$bMUSIC
=985  \\$aRecord amended for WR# 13/070
=985  \\$aname title to add
=985  \\$aCorrected by MS generated file for WR# 1805-0738
=CAT  \\$aBATCH-DCW$b00$c20171222$lBLL01$h0201
=CAT  \\$a1805-0738$c20190111$lBLL01$h1808
=CAT  \\$a1805-0738$b00$c20190111$lBLL01$h1828
=FIN  \\$aY$d20171222
=LKR  \\$aPAR$lBLL01$r776$b004263590$mSecond recueil des recueils /$nSecond recueil des recueils /
=DGM  \\$a004263590$bCatBridge variable field
=DRT  \\$aDCW
=SRC  \\$aDCW$bDCW_20171221
=OHC  \\$a1
=LAS  \\$a1805-0738$b00$c20190111$lBLL01$h1828

