=LDR  04391 cm a2200745 a 4500
=001  018656435
=003  Uk
=005  20180601101243.0
=007  cr\mn\024mpada
=008  930310s1556\\\\fr\cpz\\s\\\\\\\\\\\fre\\
=FMT  \\$a  MU
=019  d\$acc08190107
=040  \\$aUk$beng$cUk
=041  \\$afre$aita
=042  \\$aukblsr
=082  14$a780$215
=245  00$aPremier livre de chansons /$cnouvellement mises en musique par bons & scavantz musiciens à quatre parties, en quatre volumes.
=264  \1$aA Paris :$bDe l'imprimerie de Michel Fezandat, au Mont Sainct Hylaire, a l'hostel d'Albret,$c1556.
=300  \\$a4 part books ;$c10 x 15 cm (oblong 16º)
=336  \\$anotated music$2rdacontent
=337  \\$acomputer$2rdamedia
=338  \\$aonline$2rdacarrier
=340  \\$m16mo$2rdabf
=500  \\$aCollection of 18 chansons in four parts (SATB).
=500  \\$aComposer 'G. Pelletier' in this collection may be identifiable as Guillaume le Pelletier, apprenticed to Fezandat in 1543 (Frank Dobbins: 'Fezandat, Michel' - Grove Online).
=500  \\$aCopy at K.8.i.4.(2.). Bassus (16 leaves); original pagination: [i-ii], 1-29, [30] p.; paper dimensions: 90 x 140mm.
=500  \\$aCopy at K.8.i.4.(2.). Digitised score at http://purl.org/rism/BI/1556/20.$5Uk
=500  \\$aTranscribed title page from bassus part book: PREMIER LIVRE / DE CHANSONS, NOVVELLEMENT / mises en Musique par bons & scauantz Musiciens / à quatre parties, en quatre volumes. / BAS-SVS. / A PARIS, / De l'Imprimerie de Michel Fezandat, au Mont sainct Hylaire, a l'hostel d'Albret. / 1556. / Auec priuilege du Roy, pour dix ans.
=500  \\$aWith an extract from Fezandat's Royal privilege on the verso of the title page.
=500  \\$aWith table of contents at the end.
=505  0\$aSus debout ma lire / I. Cosson -- Le premier coup qu'accollay marguerite / Le Gendre -- Petit bonhomme ia cassé / Du Tertre -- Sur le printe[m]ps l'Archer vola[n]t print garder / M. Blancher -- Le m'esbays venus de ta puissance / M. Blancher -- Un ronde tetin ieune & beau personnage / G. Pelletier -- Marie qui vouldroit vostre beau no[n] tourner / Goudimel -- Si d'endurer un grand ennui / S. Agathe -- Qu'on m'appelle mal gratieux / Le Gendre -- Eestant aux cha[m]ps Alizon la iolie / M. Blancher -- Comme la tourte errant par my le boys / Le Gendre -- Il ricordati fa chio piange & ploro / I. Cosson -- Celesti corpi ch'avete la pietra / I. Cosson -- Amour cruel mo[n] dieu que ta puissance / Iennequin -- Si ie disois tous les mauz que i'endure / P. Durand -- A dieu vous dy mon fou / N. Millot -- Qua[n]d vie[n]dra la clarté des amoureuse flammes / Io. Debillon -- Ou cerchez vous du dieu d'amour / Iennequin.
=510  4\$aRISM B/I,$c1556 ²⁰
=546  \\$aFrench or Italian words.
=650  \0$aPolyphonic chansons.
=700  1\$aAgathe, S.,$ecomposer.
=700  1\$aBillon, Jhan de,$dactive 1534-1556,$ecomposer.
=700  1\$aBlancher, M.,$dactive 1556,$ecomposer.
=700  1\$aCosson, J.,$ecomposer.
=700  1\$aDu Tertre, Etienne,$ecomposer.
=700  1\$aDurand, Paul,$d1907-1977,$ecomposer.
=700  1\$aFezandat, Michel,$dactive 1538-1566,$eprinter.
=700  1\$aGoudimel, Claude,$d-1572,$ecomposer.
=700  1\$aJanequin, Clément,$dapproximately 1495-approximately 1560,$ecomposer.
=700  1\$aLe Gendre, Jean,$ecomposer.
=700  1\$aMillot, Nicolas,$ecomposer.
=700  1\$aPelletier, G.,$ecomposer.
=710  2\$aMichel Fezandat (Firm),$eprinter.
=752  \\$aFrance$dParis.$2lcsh/naf
=856  41$uhttp://purl.org/rism/BI/1556/20$yDigitised score
=859  \\$aXLD$bDCW
=852  4\$aBritish Library$bMUSIC$cDRT$jDigital Store K.8.i.4.(2.)
=985  \\$aRecord amended for WR# 13/070
=985  \\$aname title to add; name headings need work
=985  \\$aCorrected by MS generated file for WR# 1805-0738
=CAT  \\$aBATCH-DCW$b00$c20171222$lBLL01$h0201
=CAT  \\$a5194$b40$c20180601$lBLL01$h1012
=CAT  \\$a1805-0738$c20190111$lBLL01$h1808
=CAT  \\$a1805-0738$b00$c20190111$lBLL01$h1828
=FIN  \\$aY$d20171222
=LKR  \\$aPAR$lBLL01$r776$b004263632$mPremier livre de chansons /$nPremier livre de chansons /
=DGM  \\$a004263632$bCatBridge variable field
=DRT  \\$aDCW
=SRC  \\$aDCW$bDCW_20171221
=OHC  \\$a1
=LAS  \\$a1805-0738$b00$c20190111$lBLL01$h1828

