=LDR  04086 cm a2200685 a 4500
=001  018656436
=003  Uk
=005  20171222020114.0
=007  cr\mn\024mpada
=008  930310s1557\\\\fr\cpz\\s\\\\\\\\\\\fre\\
=FMT  \\$a  MU
=019  d\$acc08190108
=040  \\$aUk$beng$cUk
=042  \\$aukblsr
=082  14$a780$215
=245  00$aPremier livre de chansons /$cnouvellement mises en musique, par bons, & excellents autheurs.
=264  \1$aA Paris :$bDe l'imprimerie de Nicolas du Chemin à l'enseigne du gryphon d'argent, ruë Saint Jean de Latran,$c1557.
=300  \\$a4 part books ;$c10 x 15 cm (oblong 16º)
=336  \\$anotated music$2rdacontent
=337  \\$acomputer$2rdamedia
=338  \\$aonline$2rdacarrier
=340  \\$m16mo$2rdabf
=500  \\$aCollection of chansons in four parts (SATB), except for 'La fleur de lys sur toutes l'outrepasse' which is marked 'A six'.
=500  \\$aCopy at K.8.i.4.(3.). Bassus (15 leaves); original foliation: [I], II - XIIII, [XV] f.; paper dimensions: 90 x 140 mm.$5Uk
=500  \\$aCopy at K.8.i.4.(3.). Digitised score at http://purl.org/rism/BI/1557/9.$5Uk
=500  \\$aTranscribed title page from bassus part book: PREMIER LIVRE DE CHAN- / SONS NOVVELLEMENT MISES EN / Musique, Par bons, & excellents Autheurs. / A PARIS. / De l'imprimerie de Nicolas du Chemin à l'enseigne du Gryphon / d'argent, ruë Saint Iean de Latran. / 1557. / Auec priuilege du Roy, pour dix ans.
=500  \\$aWith table of contents at the end.
=505  0\$aPrenés mo[n] cueur dame / Goudimel -- O voyla cy voyla la bergiere / M. De Menehou -- A vostre aduis me dois-ie contenter / A. Cartier -- Reveillés vo[us] dame iolie / Bracquet -- Cavernuese montaigne, espais umbrageux boys / A. Cartier -- Ie suis heureux com[m]e l'on dit / Bracquet -- Helas mes yeux, pour quoy veistes vo[us] oncq / Besancourt -- Piteuse Echo, qui erres on ces bois / Ianequin -- T'en yras tu? as tu bien le courage. [Response: I'ay ia perdu la couleur du visaige] / Sohier -- Las Cupido, prince des amoureux / Hasard -- En m'asseurant i'ay un co[n]tentement / Du Buysson -- La fleur de lys sur toutes l'outrepasse [A six] / Bracquet -- De liberté iamais la fin n'est bonne / Du Buysson -- Si vostre mal dont vous plaignes si fort / Besancourt.
=510  4\$aF. Lesure and G. Thibault: Bibliographie des éditions musicales publiées par Nicolas du Chemin (1549-1576). Annales musicologiques: i (1953),$c269-373
=510  4\$aRISM B/I,$c1557 ⁹
=546  \\$aFrench words.
=650  \0$aPolyphonic chansons.
=700  1\$aBesancourt,$dactive 1549-1568,$ecomposer.
=700  1\$aBracquet, Gilles,$dactive 1551-1559,$ecomposer.
=700  1\$aCartier, Antoine,$dactive 1552-1588,$ecomposer.
=700  1\$aDu Buisson, Jacques,$dactive 1500-1570,$ecomposer.
=700  1\$aDu Chemin, Nicolas,$eprinter.
=700  1\$aGoudimel, Claude,$d-1572,$ecomposer.
=700  1\$aHasard,$dactive 16th century,$ecomposer.
=700  1\$aJanequin, Clément,$dapproximately 1495-approximately 1560,$ecomposer.
=700  1\$aMenehou, Michel de,$ecomposer.
=700  1\$aSohier, Mathieu,$d-approximately 1560,$ecomposer.
=710  2\$aNicolas du Chemin (Firm),$eprinter.
=752  \\$aFrance$dParis.$2lcsh/naf
=856  41$uhttp://purl.org/rism/BI/1557/9$yDigitised score
=859  \\$aXLD$bDCW
=852  4\$aBritish Library$bMUSIC$cDRT$jDigital Store K.8.i.4.(3.)
=985  \\$aContratenor part bequethed to the BL by Samuel F. Pogue (d. 1994).
=985  \\$aRecord amended for WR# 13/070
=985  \\$aCorrected by MS generated file for WR# 1805-0738
=CAT  \\$aBATCH-DCW$b00$c20171222$lBLL01$h0201
=CAT  \\$a1805-0738$c20190111$lBLL01$h1808
=CAT  \\$a1805-0738$b00$c20190111$lBLL01$h1828
=FIN  \\$aY$d20171222
=LKR  \\$aPAR$lBLL01$r776$b004263633$mPremier livre de chansons /$nPremier livre de chansons /
=DGM  \\$a004263633$bCatBridge variable field
=DRT  \\$aDCW
=SRC  \\$aDCW$bDCW_20171221
=OHC  \\$a2
=LAS  \\$a1805-0738$b00$c20190111$lBLL01$h1828

