=LDR  03664 cm a22006497  4500
=001  018656437
=003  Uk
=005  20171222020114.0
=007  cr\mn\024mpada
=008  930310s1564\\\\fr\||z\\s\\\\\\\\\\\mul\\
=FMT  \\$a  MU
=019  d\$acd11560003
=040  \\$aUk$beng$cUk
=041  \\$afre$aita
=042  \\$aukblsr
=082  14$a780$215
=130  0\$aChansons à quatre parties.$n10e livre.
=245  10$aDixiesme livre de chansons /$ccomposé en musique à quatre parties par M. Pierre Cler'eau.
=264  \1$aA Paris :$bPar Adrian le Roy & Robert Ballard,$c1564.
=300  \\$a4 part books ;$c10 x 14 cm (oblong 8º)
=336  \\$anotated music$2rdacontent
=337  \\$acomputer$2rdamedia
=338  \\$aonline$2rdacarrier
=340  \\$m8vo$2rdabf
=500  \\$aCollection of chansons in four parts (SATB) by Pierre Clereau.
=500  \\$aCopy at K.11.e.3.(10.). Digitised score at http://purl.org/rism/AI/C3190.$5Uk
=500  \\$aCopy at K.11.e.3.(10.). Superius (16 leaves), tenor (16 leaves), bassus (16 leaves); original foliation: [1], 2-16 f. in each part book; paper dimensions: 90 x 130 mm.$5Uk
=500  \\$aReprint of 1559 edition (RISM A/I C 3189).
=500  \\$aTranscribed title page from tenor part book: [TENOR.] DIXIESME LIVRE. / DE CHANSONS / composé en musique à quatre / parties Par M. Pierre Cler'eau. / Imprimé en quatre volumes. / A PARIS. / Par Adrian le Roy, & Robert Ballard, Imprimeurs / du Roy. / 1564. / Auec priuilege de sa maiesté. / Pour dix ans.
=500  \\$aWith table of contents at the end.
=505  0\$aL'amour qui me tourmente -- Qui veut escrire de Guionne -- Mais dequoy sert le desirer -- Je ne veux plus que chanter de tristesse -- Mon petit chien -- Ce m'est un mal que je n'eusse pe[n]sé -- Du plus gra[n]d mal que par trop me tourme[n]te -- Qui voudra voir dedans une jeunesse -- Puis que je voy que mes afflictions -- Allés mes soupirs amoureux -- Si ta grandeur, si ta felicité -- Petite folle estes vous pas contente -- La grand ardeur de mon affection -- Nature orna[n]t la dame qui devoit -- Ne prends esgard Mariane à mon age -- Comment au departir -- Sarò signor'io sol de mio pensiero -- Che giova posseder citt'à ne regni -- Sol fa mi re -- Qual pieu scontento amante.
=510  4\$aFrançois Lesure and Geneviève Thibault, Bibliographie des editions d'Adrian Le Roy et Robert Ballard (1551-1598) (Paris: Société Française de Musicologie, 1955),$cno. 89.
=510  4\$aRISM A/I,$cC 3190
=546  \\$aFrench or Italian words.
=650  \0$aPolyphonic chansons.
=700  1\$aBallard, Robert,$d-1588,$eprinter.
=700  1\$aClereau, Pierre,$dactive 1539-1567,$ecomposer.
=700  1\$aCortot, Alfred,$d1877-1962.
=700  1\$aLe Roy, Adrian,$dapproximately 1520-1598,$eprinter.
=710  2\$aAdrian Le Roy & Robert Ballard (Firm)
=752  \\$aFrance$dParis.$2lcsh/naf
=856  41$uhttp://purl.org/rism/AI/C3190$yDigitised score
=859  \\$aXLD$bDCW
=852  4\$cDRT$jDigital Store K.11.e.3.(10.)$aBritish Library$bMUSIC
=985  \\$aRecord amended for WR# 13/070
=985  \\$aname title to add
=985  \\$aCorrected by MS generated file for WR# 1805-0738
=CAT  \\$aBATCH-DCW$b00$c20171222$lBLL01$h0201
=CAT  \\$a1805-0738$c20190111$lBLL01$h1808
=CAT  \\$a1805-0738$b00$c20190111$lBLL01$h1828
=FIN  \\$aY$d20171222
=LKR  \\$aPAR$lBLL01$r776$b004272552$mDixiesme livre de chansons /$nDixiesme livre de chansons /
=DGM  \\$a004272552$bCatBridge variable field
=DRT  \\$aDCW
=SRC  \\$aDCW$bDCW_20171221
=OHC  \\$a1
=LAS  \\$a1805-0738$b00$c20190111$lBLL01$h1828

