=LDR  04048 cm a22006977  4500
=001  018656438
=003  Uk
=005  20171222020114.0
=007  cr\mn\024mpada
=008  930322s1569\\\\fr\||z\\s\\\\\\\\\\\fre\\
=FMT  \\$a  MU
=019  d\$aef01020001
=040  \\$aUk$beng$cUk
=042  \\$aukblsr
=082  14$a780$215
=100  1\$aLa Grotte, Nicolas de,$d1530-approximately 1600.
=240  10$aChansons de P. de Ronsard
=245  10$aChansons de P. de Ronsard, Ph. Desportes, et autres /$cmises en musique par N. de la Grotte.
=264  \1$aA Paris :$bPar Adrian le Roy & Robert Ballard,$c1569.
=300  \\$a4 part books ;$c10 x 14 cm (oblong 8º)
=336  \\$anotated music$2rdacontent
=337  \\$acomputer$2rdamedia
=338  \\$aonline$2rdacarrier
=340  \\$m8vo$2rdabf
=500  \\$aCollection of chansons in four parts by Nicolas de La Grotte (SATB).
=500  \\$aCopy at K.11.e.3.(1.). Digitised score at http://purl.org/rism/AI/LL242a.$5Uk
=500  \\$aCopy at K.11.e.3.(1.). Superius (20 leaves), Tenor (20 leaves), Bassus (20 leaves); original foliation: [1, 2], 3-20 f. in each part book; paper dimensions: 90 x 130 mm.$5Uk
=500  \\$aTranscribed title page from tenor part book: CHANSONS / DE P. DE RONSARD, / PH. DESPORTES, ET AVTRES. / mises en Musique par N. de la Grotte, / vallet de chambre, & Organiste / ordinaire de Monsieur / frere du Roy. / A PARIS. / 1569 / Par Adrian le Roy & Robert Ballard, Imprimeurs / du Roy. / Auec priuilege de sa magesté. / pour dix ans.
=500  \\$aWith table of contents and dedication by Nicolas de La Grotte to 'Le Duc d'Anjou'.
=505  0\$aQuand j'estois libre / Ronsard -- La terre n'agueres glacée / Desportes -- Or voy-je bien qu'il faut vivre / De Baif -- Las que nous sommes miserables / De Baif -- Mais voyez, mon cher esmoy / Desportes -- Quand le gril chante / Ronsard -- Le Ciel qui fut large donneur / Sillac -- Quand ce beau printems je voy / Ronsard -- Autant qu'on voit au cieux / Ronsard -- Las! je n'eusse jamais pensé / Ronsard -- Demandes-tu, douce ennemie / Ronsard -- Ma maitresse est toute anglelette / Ronsard -- Ah Dieu que c'est un estrange martire / Ronsard -- Je suis amour la grand maistre des dieux / Ronsard -- Tant que j'estois à vous seul agreable / Ronsard -- Ferme amour est quant de deux passions / Ronsard.
=510  4\$aFrançois Lesure and Geneviève Thibault, Bibliographie des editions d'Adrian le Roy et Robert Ballard (1551-1598) (Paris: Société Française de Musicologie, 1955),$cno. 132.
=510  4\$aRISM A/I,$cLL 242a
=546  \\$aFrench words.
=650  \0$aPolyphonic chansons.
=700  1\$aAnjou, François,$cduc d',$d1554-1584,$ededicatee.
=700  1\$aBallard, Robert,$d-1588,$eprinter.
=700  1\$aBaïf, Jean-Antoine de,$d1532-1589,$eauthor.
=700  1\$aCortot, Alfred,$d1877-1962,$eformer owner.
=700  1\$aDesportes, Philippe,$d1546-1606,$eauthor.
=700  1\$aLe Roy, Adrian,$dapproximately 1520-1598,$eprinter.
=700  1\$aRonsard, Pierre de,$d1524-1585,$eauthor.
=710  2\$aAdrian Le Roy & Robert Ballard (Firm)
=752  \\$aFrance$dParis.$2lcsh/naf
=856  41$uhttp://purl.org/rism/AI/LL242a$yDigitised score
=859  \\$aXLD$bDCW
=852  4\$cDRT$jDigital Store K.11.e.3.(1.)$aBritish Library$bMUSIC
=985  \\$aRecord amended for WR# 13/070
=985  \\$aUT is on NACO
=985  \\$aname title to add
=985  \\$aCorrected by MS generated file for WR# 1805-0738
=CAT  \\$aBATCH-DCW$b00$c20171222$lBLL01$h0201
=CAT  \\$a1805-0738$c20190111$lBLL01$h1808
=CAT  \\$a1805-0738$b00$c20190111$lBLL01$h1828
=CAT  \\$aBATCH-UPD$b00$c20200824$lBLL01$h2043
=FIN  \\$aY$d20171222
=LKR  \\$aPAR$lBLL01$r776$b004463743$mChansons de P. de Ronsard, Ph. Desportes, et autres /$nChansons de P. de Ronsard, Ph. Desportes, et autres /
=DGM  \\$a004463743$bCatBridge variable field
=DRT  \\$aDCW
=SRC  \\$aDCW$bDCW_20171221
=OHC  \\$a1
=LAS  \\$aBATCH-UPD$b00$c20200824$lBLL01$h2043

