=LDR  03565 cm a22006257  4500
=001  018656439
=003  Uk
=005  20171222020114.0
=007  cr\mn\024mpada
=008  930322s1567\\\\fr\||z\\s|||||||\\\\mul\\
=FMT  \\$a  MU
=019  d\$aef10350071
=040  \\$aUk$beng$cUk
=041  \\$afre$aita$alat
=042  \\$aukblsr
=082  14$a780$215
=100  1\$aLasso, Orlando di,$d1532-1594,$ecomposer.
=240  10$aChansons.$kSelections
=245  10$aDixhuictieme livre de chansons :$bà quatre & cinq parties /$cpar Orlande de Lassus.
=264  \1$aA Paris :$bPar Adrian le Roy & Robert Ballard,$c1567.
=300  \\$a4 part books ;$c10 x 14 cm (oblong 8º)
=336  \\$anotated music$2rdacontent
=337  \\$acomputer$2rdamedia
=338  \\$aonline$2rdacarrier
=340  \\$m8vo$2rdabf
=500  \\$aCollection of French chansons, Italian villanelle, and one Latin motet by Orlando di Lasso, in four and five parts, with table of contents at the end (SATB 5).
=500  \\$aCopy at K.11.e.3.(18.). Digitised score at http://purl.org/rism/AI/L809.$5Uk
=500  \\$aCopy at K.11.e.3.(18.). Superius (16 leaves), Tenor (16 leaves), Bassus (16 leaves); original foliation: [1], 2-16 f. in each part book; paper dimensions: 90 x 130 mm$5Uk
=500  \\$aReprint of 1565 edition (RISM A/I, L 789).
=500  \\$aTranscribed title page from tenor part book: DIXHVICTIEME LIVRE / DE CHANSONS / à quatre & cinq parties, par / Orlande de lassus. / Imprimé en quatre volumes. / A PARIS. / Par Adrian le Roy, & Robert Ballard, Imprimeurs / du Roy. / 1567 / Auec priuilege de sa majesté. / Pour dix ans.
=505  0\$aIl estoit une religieuse -- En un lieu ou l'on ne voit goutte -- Mes pas semés & loin alés -- Margot labourés les vignes -- En m'oyant chanter quelque fois -- Deus qui bonum vinum / [Orlando di Lasso] -- Madonna mia pieta -- Tu sai madonna mia -- No giorno t'haggio havere -- La cortesia voi donne predicate -- Tu traditora m'hai puost'a sto core -- Sto core mio se fosse di diamante -- Comme la Torterelle Languit (La Response) Ou t'attend ta maitresse -- Je ne veux plus que chanter de tristesse -- La terre les eaux va beuvant -- J'endure un tourment.
=510  4\$aFrançois Lesure and Geneviève Thibault, Bibliographie des Éditions d'Adrian Le Roy et Robert Ballard (1551-1598) (Paris: Société Française de Musicologie, 1955),$cno. 127.
=510  4\$aRISM A/I,$cL 809
=546  \\$aFrench, Italian and Latin words.
=650  \0$aPolyphonic chansons.
=700  1\$aBallard, Robert,$d-1588,$eprinter.
=700  1\$aCortot, Alfred,$d1877-1962,$eformer owner.$5Uk.
=700  1\$aLe Roy, Adrian,$dapproximately 1520-1598,$eprinter.
=752  \\$aFrance$dParis.$2lcsh/naf
=856  41$uhttp://purl.org/rism/AI/L809$yDigitised score
=859  \\$aXLD$bDCW
=852  4\$cDRT$jDigital Store K.11.e.3.(18.)$aBritish Library$bMUSIC
=985  \\$aRecord amended for WR# 13/070
=985  \\$aname title to add
=985  \\$aCorrected by MS generated file for WR# 1805-0738
=CAT  \\$aBATCH-DCW$b00$c20171222$lBLL01$h0201
=CAT  \\$a1805-0738$c20190111$lBLL01$h1808
=CAT  \\$a1805-0738$b00$c20190111$lBLL01$h1828
=FIN  \\$aY$d20171222
=LKR  \\$aPAR$lBLL01$r776$b004468704$mDixhuictieme livre de chansons : à quatre & cinq parties /$nDixhuictieme livre de chansons : à quatre & cinq parties /
=DGM  \\$a004468704$bCatBridge variable field
=DRT  \\$aDCW
=SRC  \\$aDCW$bDCW_20171221
=OHC  \\$a1
=LAS  \\$a1805-0738$b00$c20190111$lBLL01$h1828

