=LDR  08439 cm a22009017  4500
=001  018656440
=003  Uk
=005  20180529111756.0
=007  cr\mn\024mpada
=008  930402q15931594enk||z\\s\\\\\\\\\\\eng\\
=FMT  \\$a  MU
=019  d\$ahd14610001
=040  \\$aUk$beng$cUk
=041  \\$aeng
=042  \\$aukblsr
=046  \\$ax$c1588
=082  14$a780$215
=245  00$aMusica Transalpina. Cantus. /$cMadrigales translated of foure, fiue and sixe parts, chosen out of diuers excellent authors, with the first and second part of La Verginella, made by Maister Byrd, vpon two Stanz's of Ariosto, and brought to speake English with the rest. Published by N. Yonge, in fauour of such as take pleasure in musick of voices.
=264  \1$aImprinted at London :$bby Thomas East, the assignè of W. Byrd,$c1588 [i.e. 1593 or 1594]
=300  \\$a6 part books (1 v) ;$c21.3 x 15.5 cm (4º)
=336  \\$anotated music$2rdacontent
=337  \\$acomputer$2rdamedia
=338  \\$aonline$2rdacarrier
=340  \\$m4to$2rdabf
=500  \\$aCollection of Italian madrigals translated into English or provided with an English text, with a dedication to Gilbert Talbot, Earl of Shrewsbury (1552-1616).
=500  \\$aCopy at K.3.k.19. CANTVS (34 leaves); ALTVS (34 leaves); TENOR (33 leaves); BASSVS (33 leaves); QVINTVS (29 leaves); SEXTVS (9 leaves); paper dimensions: 212 x 157 mm.
=500  \\$aCopy at K.3.k.19. Digitised score at http://purl.org/rism/BI/1588/29.$5Uk
=500  \\$aThis appears to be a second edition of the Musica Transalpina, not printed in 1588 as stated on the title page, but in 1593-95: see Jeremy L. Smith, Thomas East and Music Publishing in Renaissance England (Oxford, Oxford University Press, 2003), pp.67-68; Peter Clulow, 'Publication Dates for Byrd's Latin Masses', Music and Letters 47 (1966): 1-9 (pp. 4, 7).
=500  \\$aTranscribed title page from Cantus part book: MVSICA TRANSALPINA. / CANTVS. / Madrigales translated of foure, fiue and sixe partes, / chosen out of diuers excellent Authors, vvith the first and / second part of La Verginella, made by Maister Byrd, / vpon two Stanz's of Ariosto, and brought / to speake English with / the rest. / Published by N. Yonge, in fauour of such as / take pleasure in Musick of voices. / Imprinted at London by Tho- / mas East, the assignè of William Byrd. 1588. / Cum Priuilegio Regiae Maiestatis.
=500  \\$aWith a table of contents at the end of the Cantus, Altus, Tenor, Bassus and Quintus parts.
=505  0\$aRubyes and pearles and treasure / Alfonso Ferabosco -- O Sweet kisse ful of comfort / Alfonso Ferabosco -- Sometime my hope full weakly / Alfonso Ferabosco -- Lady that hand of plenty / Lelio Bertani -- My hart, my hart alas why dost yu loue / Gironimo Conuersi -- Lady if you so spight mee / Alfonso Ferabosco -- When I would thee embrace (headed: cantio rustica) / Giouan Battista Pinello -- Thirsis enioyd the graces / Alfonso Ferabosco -- The Nightingale so pleasant and so gay / Alfonso Ferabosco -- The faire young Virgin / William Byrd -- But not so soone (the second part) / [William Byrd] -- I will goe dye for pure loue / Luca Marenzio -- These that bee certaine signes of my tormenting / Alfonso Ferabosco -- So farre from my delight / Alfonso Ferabosco -- She onely doth not feele it (the second part) / [Alfonso Ferrabosco] -- Loe heere my hart in keeping / [Anon] -- Now must I part / Luca Marenzio -- Zephirus brings the tyme that sweetly senteth / Gironimo Conuersi -- But with me wretch the storms of woe perseuer (the second part) / [Girolamo Conversi] -- I was full neare my fall / Alfonso Ferabosco -- But as the byrd that in due time espying (second part) / [Alfonso Ferrabosco] -- I Soung sometime / Luca Marenzio -- Because my Loue too lofty (the second part) / [Luca Marenzio].
=505  0\$aThese that be certaine signes of my tormenting / Noe Faignient -- The faire Diana neuer more reuiued / Giouan di Macque -- Ioy so delights my heart / G.P.A. Prenestino -- False Loue now shoot & spare not / G.P.A. Prenestino -- O Griefe if yet my griefe be not beleued / Baldessar Donato -- As in the night wee see the sparckes / Baldessar Donato -- In vayne he seekes for beautie that excelleth / Fillippo de Monte -- What meaneth Loue to nest him / G.P.A. Prenestino -- Sweet Loue when hope was flowring / G.P.A. Prenestino -- Lady that hand of plenty / Marc' Antonio Pordeuone -- Who will ascend to heauen / Giaches de Vuert -- Lady your looke so gentle / Cornelio Verdonch -- From what part of the heauen / Fillippo de Monte -- In vaine hee seekes for beautie that excelleth (the second part) / [Fillippo de Monte] -- In euery place I finde my griefe / [Anon] -- Thirsis to die desired / Luca Maranzio -- Thirsis that heat refrayned (the second part) / [Luca Marenzio] -- Thus these two two louers (the third part) / [Luca Marenzio] -- Susanna faire / Orlando di Lasso -- Susanna faire / Alfonso Ferabosco -- When shall I cease lamenting / Noe Faignient -- I must depart all haples / Luca Marenzio -- I saw my Lady weeping / Alfonso Ferabosco -- Like as from heauen (the second part) / [Alfonso Ferrabosco] -- So gratious is thy sweet selfe / Giouan Ferretti -- Cruell vnkind, my hart thou hast bereft mee / Giouan Ferretti -- What doth my pretie dearling / Luca Marenzio -- Sleepe, sleepe mine onely Iuell / Stephano Felis -- Thou bringst hir home ful nye me (the second part) / [Stefano Felis] -- Sound out my voice, with pleasant tunes recording / Gianetto Palestrina -- Liquid and watry pearles Loue wept full kindly / Luca Marenzio -- The Nightingale so pleasant and so gay / Orlando di Lasso -- Within a greenwood / Giouan Ferretti -- Sometime whe[n] hope releeu'd me / Rinaldo del Melle --
=510  4\$aJeremy L. Smith, Thomas East and Music Publishing in Renaissance England (Oxford, Oxford University Press, 2003),$cpp. 152-53
=510  4\$aPeter Clulow, 'Publication Dates for Byrd's Latin Masses', Music and Letters 47 (1966),$cpp. 1-9 (at pp. 4, 7).
=510  4\$aRISM B/I$c1588 ²⁹
=546  \\$aEnglish words.
=650  \0$aMadrigals
=700  1\$aBertani, Lelio,$dapproximately 1550-approximately 1620,$ecomposer.
=700  1\$aByrd, William,$d1539 or 1540-1623,$ecomposer.
=700  1\$aConversi, Girolamo,$dactive 1571-1575,$ecomposer.
=700  1\$aDonato, Baldassare,$d-1603,$ecomposer.
=700  1\$aEast, Thomas,$d1540?-1608?,$eprinter.
=700  1\$aFaignient, Noé,$dactive 1560-1600,$ecomposer.
=700  1\$aFelis, Stefano,$dapproximately 1550-approximately 1603,$ecomposer.
=700  1\$aFerrabosco, Alfonso,$d1543-1588,$ecomposer.
=700  1\$aFerretti, Giovanni,$dapproximately 1540-approximately 1609,$ecomposer.
=700  1\$aLasso, Orlando di,$d1532-1594,$ecomposer.
=700  1\$aMacque, Giovanni de,$dapproximately 1550-1614,$ecomposer.
=700  1\$aMarenzio, Luca,$d1553-1599,$ecomposer.
=700  1\$aMel, Rinaldo del,$dapproximately 1554-approximately 1598,$ecomposer.
=700  1\$aMonte, Philippe de,$d1521-1603,$ecomposer.
=700  1\$aPalestrina, Giovanni Pierluigi da,$d1525?-1594,$ecomposer.
=700  1\$aPinello, Giovanni Battista,$dapproximately 1544-1587,$ecomposer.
=700  1\$aPordenon, Marc'Antonio,$ecomposer.
=700  1\$aShrewsbury, Gilbert Talbot,$cEarl of,$d1552-1616,$ededicatee.
=700  1\$aVerdonck, Cornelis,$d1563-1625,$ecomposer.
=700  1\$aWert, Giaches de,$d1535-1596,$ecomposer.
=700  1\$aYonge, Nicholas,$d-1619,$epublisher.
=752  \\$aEngland$dLondon$2lcsh/naf
=856  41$uhttp://purl.org/rism/BI/1588/29$yDigitised score
=859  \\$aXLD$bDCW
=852  4\$cDRT$jDigital Store K.3.k.19.$aBritish Library$bMUSIC
=985  \\$aEarly Music Online project
=985  \\$aRecord amended for WR# 13/070
=985  \\$aname title to add
=985  \\$aCorrected by MS generated file for WR# 1805-0738
=CAT  \\$aBATCH-DCW$b00$c20171222$lBLL01$h0201
=CAT  \\$a13463$b40$c20180529$lBLL01$h1117
=CAT  \\$a1805-0738$c20190111$lBLL01$h1808
=CAT  \\$a1805-0738$b00$c20190111$lBLL01$h1828
=CAT  \\$aBATCH-UPD$b00$c20191002$lBLL01$h1357
=FIN  \\$aY$d20171222
=LKR  \\$aPAR$lBLL01$r776$b004759627$mMusica Transalpina. Cantus. /$nMusica Transalpina. Cantus. /
=DGM  \\$a004759627$bCatBridge variable field
=DRT  \\$aDCW
=SRC  \\$aDCW$bDCW_20171221
=OHC  \\$a1
=LAS  \\$aBATCH-UPD$b00$c20191002$lBLL01$h1357

