=LDR  03826 cm a2200673 a 4500
=001  018656444
=003  Uk
=005  20180601101121.0
=007  cr\mn\024mpada
=008  101007s1556\\\\fr\cpz\\s\\\\\\\\\\\fre\\
=FMT  \\$a  MU
=040  \\$aUk$beng$cUk
=041  \\$afre$aita
=042  \\$aukblsr
=082  14$a780$215
=245  00$aSecond livre de chansons /$cnouvellement mises en musique par bons & scavantz musiciens à quatre parties, en quatre volumes.
=264  \1$aA Paris :$bDe l'imprimerie de Michel Fezandat, au Mont Sainct Hylaire, a l'hostel d'Albret,$c1556.
=300  \\$a4 part books ;$c10 x 15 cm (oblong 16º)
=336  \\$anotated music$2rdacontent
=337  \\$acomputer$2rdamedia
=338  \\$aonline$2rdacarrier
=340  \\$m16mo$2rdabf
=500  \\$aCollection of 15 chansons in four parts (SATB).
=500  \\$aCopy at K.8.i.4.(2.). Bassvs (16 leaves); original pagination: [i-ii], 1-29, [30] p.; paper dimensions: 90 x 140 mm.$5Uk
=500  \\$aCopy at K.8.i.4.(2.). Digitised score at http://purl.org/rism/BI/1556/21.$5Uk
=500  \\$aTranscribed title page from bassus part book: SECOND LIVRE / DE CHANSONS, NOVVELLEMENT / mises en Musique par bons & scauantz Musiciens / à quatre parties, en quatre volumes. / BAS-SVS. / A PARIS, / De l'Imprimerie de Michel Fezandat, au Mont sainct Hylaire, a l'hostel d'Albret. / 1556. / Auec priuilege du Roy, pour dix ans.
=500  \\$aWith an extract from Fezandat's Royal privilege on the verso of the title page.
=500  \\$aWith table of contents at the end.
=505  0\$aVoicy le bon temps que chacun s'apreste / N. Millot -- En ce iouant sa margot descouverte / M. Blancher -- Chacun t'oyant ou voya[n]t en ta grace / N. Millot -- Belle & gente pastourelle / M. Blancher -- Ce moy de may me trouvay d'avanture / M. Blancher -- Ce ioly moys de may / N. Millot -- Amour quico[n]qu'ait dit le ciel sur ton pere / Goudimel -- La pastorella mia s'enz altra compagnia / I. Cosson -- Un gros lourdault des la premiere nuict / M. Blancher -- Toute en prins en mo[n] iugement place / I. Sevain -- Rien ne me plaist que la gaye verdure / M. Blancher -- Tais toy babillarde arondelle / M. Blancher -- Coridon verse sans fin dedans mon verre du vin / P. Durand -- Le long vivre me desplaist / P. Durand -- Un frais matin dessoubz un pavillon / Iennequin.
=510  4\$aRISM B/I,$c1556 ²¹
=546  \\$aFrench or Italian words.
=650  \0$aPolyphonic chansons.
=700  1\$aBlancher, M.,$dactive 1556,$ecomposer.
=700  1\$aCosson, J.,$ecomposer.
=700  1\$aDurand, Paul,$d1907-1977,$ecomposer.
=700  1\$aFezandat, Michel,$dactive 1538-1566,$eprinter.
=700  1\$aGoudimel, Claude,$d-1572,$ecomposer.
=700  1\$aJanequin, Clément,$dapproximately 1495-approximately 1560,$ecomposer.
=700  1\$aMillot, Nicolas,$ecomposer.
=700  1\$aSevain, J.,$ecomposer.
=710  2\$aMichel Fezandat (Firm),$eprinter.
=752  \\$aFrance$dParis.$2lcsh/naf
=856  41$uhttp://purl.org/rism/BI/1556/21$yDigitised score
=859  \\$aXLD$bDCW
=852  4\$aBritish Library$bMUSIC$cDRT$jDigital Store K.8.i.4.(2.)
=985  \\$aRecord amended for WR# 13/070
=985  \\$aname title to add; some name headings need work
=985  \\$aCorrected by MS generated file for WR# 1805-0738
=CAT  \\$aBATCH-DCW$b00$c20171222$lBLL01$h0201
=CAT  \\$a5194$b40$c20180601$lBLL01$h1011
=CAT  \\$a1805-0738$c20190111$lBLL01$h1808
=CAT  \\$a1805-0738$b00$c20190111$lBLL01$h1828
=FIN  \\$aY$d20171222
=LKR  \\$aPAR$lBLL01$r776$b015666249$mSecond livre de chansons /$nSecond livre de chansons /
=DGM  \\$a015666249$bCatBridge variable field
=DRT  \\$aDCW
=SRC  \\$aDCW$bDCW_20171221
=OHC  \\$a1
=LAS  \\$a1805-0738$b00$c20190111$lBLL01$h1828

