=LDR  04103 cm a2200685 a 4500
=001  018656445
=003  Uk
=005  20171222020114.0
=007  cr\mn\024mpada
=008  101007s1557\\\\fr\cpz\\s\\\\\\\\\\\fre\\
=FMT  \\$a  MU
=040  \\$aUk$beng$cUk
=042  \\$aukblsr
=082  14$a780$215
=245  00$aSecond livre de chansons /$cnouvellement mises en musique, par bons, & excellents autheurs.
=264  \1$aA Paris :$bDe l'imprimerie de Nicolas du Chemin à l'enseigne du gryphon d'argent, ruë Saint Jean de Latran,$c1557.
=300  \\$a4 part books ;$c10 x 15 cm (oblong 16º)
=336  \\$anotated music$2rdacontent
=337  \\$acomputer$2rdamedia
=338  \\$aonline$2rdacarrier
=340  \\$m16mo$2rdabf
=500  \\$aCollection of 16 chansons in four parts (SATB).
=500  \\$aCopy at K.8.i.4.(3.). Bassus (16 leaves); original foliation: [I], II-XV, [XVI] f.; paper dimensions: 90 x 140 mm.$5Uk
=500  \\$aCopy at K.8.i.4.(3.). Digitised score at http://purl.org/rism/BI/1557/10.$5Uk
=500  \\$aTranscribed title page from bassus part book: SECOND LIVRE DE CHAN- / SONS NOVVELLEMENT MISES / en Musique, à quatre parties, Par bons, & / excellents Autheurs. / A PARIS. / De l'imprimerie de Nicolas du Chemin à l'enseigne du Gryphon / d'argent, ruë Saint Iean de Latran. / 1557. / Auec priuilege du Roy, pour dix ans.
=500  \\$aWith table of contents at the end.
=505  0\$aAmour un iour d'ardente affection / Le Rat -- Vous qui aymés les dames, au signe Gemini / Le Rat -- Un iour Tassin au gofier sec / Du Tertre -- Frerot un iour aux cor deliers estoit / Du Tertre -- Le temps qui court requiert q[ue] l'on se taise / Al. Iehan -- Raison me dit, que d'amours me deporte / Gombert -- D'en prendre deux c'est grand outrage / Gombert -- Las voulés vous qu'une personne chante / Orlando di Lassus -- Guarissés moy du mal que mon cueur porte / Crequillon -- Un gros meusnier son asne conduisant / Bonnefont -- Vray Dieu disoit une fillette / Orlando di Lassus -- Content ou non il faut que ie l'endure / Clemens Morel -- Qu'en dittes vous madame bonnaire / Clemens non Papa -- Gente de corps, & de maintien / Al. Iehan -- Si coquereau sorti frais de la coque / Bonnefont -- Mon petit cueur plain de douleurs / Cornelius Canis.
=510  4\$aF. Lesure and G. Thibault: Bibliographie des éditions musicales publiées par Nicolas du Chemin (1549-1576). Annales Musicologiques: i (1953),$c269-373
=510  4\$aRISM B/I,$c1557 ¹⁰
=546  \\$aFrench words.
=650  \0$aPolyphonic chansons.
=700  1\$aBonnefond, Simon de,$dactive 1551-1557,$ecomposer.
=700  1\$aCanis, Cornelius,$dapproximately 1510-1561,$ecomposer.
=700  1\$aClemens non Papa, Jacobus,$dapproximately 1510-approximately 1555,$ecomposer.
=700  1\$aCrecquillon, Thomas,$d-1557?,$ecomposer.
=700  1\$aDu Chemin, Nicolas,$eprinter.
=700  1\$aDu Tertre, Etienne,$ecomposer.
=700  1\$aGombert, Nicolas,$dactive 16th century,$ecomposer.
=700  1\$aJehan, Al.,$ecomposer.
=700  1\$aLasso, Orlando di,$d1532-1594,$ecomposer.
=700  1\$aLe Rat,$dactive 1549-1557,$ecomposer.
=700  1\$aMorel, Clément,$ecomposer.
=710  2\$aNicolas du Chemin (Firm),$eprinter.
=752  \\$aFrance$dParis.$2lcsh/naf
=856  41$uhttp://purl.org/rism/BI/1557/10$yDigitised score
=859  \\$aXLD$bDCW
=852  4\$aBritish Library$bMUSIC$cDRT$jDigital Store K.8.i.4.(3.)
=985  \\$aRecord amended for WR# 13/070
=985  \\$aname title to add; some name headings need work
=985  \\$aCorrected by MS generated file for WR# 1805-0738
=CAT  \\$aBATCH-DCW$b00$c20171222$lBLL01$h0201
=CAT  \\$a1805-0738$c20190111$lBLL01$h1808
=CAT  \\$a1805-0738$b00$c20190111$lBLL01$h1828
=FIN  \\$aY$d20171222
=LKR  \\$aPAR$lBLL01$r776$b015666298$mSecond livre de chansons /$nSecond livre de chansons /
=DGM  \\$a015666298$bCatBridge variable field
=DRT  \\$aDCW
=SRC  \\$aDCW$bDCW_20171221
=OHC  \\$a1
=LAS  \\$a1805-0738$b00$c20190111$lBLL01$h1828

