=LDR  12320 cm a22011657  4500
=001  018739576
=003  Uk
=005  20180210021310.0
=007  cr\mn\024mpada
=008  930308s1599\\\\it\||z\\s\\\\\\\\\\\ita\\
=FMT  \\$a  MU
=019  d\$aac17990001
=040  \\$aUk$beng$cUk
=041  \\$aita$gita
=042  \\$aukblsr
=082  14$a783.142$223
=130  0\$aTempio armonico della Beatissima Vergine.
=245  10$aTempio armonico della Beatissima Vergine N. S.$nPrima Parte à tre voci /$cfabricatoli per opra del R. P. Giovenale A. P. della congreg. dell'oratorio.
=264  \1$a[Rome] :$bstampata in Roma da Nicolò Mutij,$c1599.
=300  \\$a3 part books ;$c25 cm (4º)
=336  \\$anotated music$2rdacontent
=337  \\$acomputer$2rdamedia
=338  \\$aonline$2rdacarrier
=340  \\$m4to$2rdabf
=500  \\$aAt the front of each volume are different dedications and prefaces. At the back of the volume are texts by Giovanni Leonardo dell'Arpa dedicated to Geronima Colonna.
=500  \\$aCollection of laude spirituali in three parts, with table of contents.
=500  \\$aCopy at D.38. Digitised score at http://purl.org/rism/BI/1599/6.$5Uk
=500  \\$aCopy at D.38. Primo soprano (88 leaves), Secondo soprano (93 leaves), Basso (99 pages); original pagination: Primo soprano: [i-xii], 1-155, [156-164], Secondo soprano: [i-xxii], 1-155 [156-164], Basso: [i-xxxiv], 1-155 [156-164]; paper dimensions: 216 x 158 mm.$5Uk
=500  \\$aNames of dedicatees: Cardinal di Como, Giovanni Maria da Brisighella, Padre Angelo Velli, Geronima Colonna, Duchess of Monteleona, Suor Orsola Benincasa, Cornelia Cesi Gaetana, Duchess of Ceri.
=500  \\$aThe second and third parts were planned but never published.
=500  \\$aTitle from Secondo Soprano part book.
=500  \\$aTranscribed title page from Secondo Soprano part book: TEMPIO ARMONICO / della Beatissima Vergine N.S. fabricatoli per opra / del R.P. Giouenale A.P. della Congreg. dell'Oratorio. / Prima Parte à Tre uoci stampata in Roma / da Nicolò Mutij 1599.
=505  0\$aAmichi vuol amare / Gio: Maria Nanino -- Contempla nott'e giorno / Paolo Quagliati -- DI DIO Madre Beata / D'Incerto -- Ove vai Donna santa? / P. Soto -- O Donna gloriosa / Christ[oforo] Montemayor -- Al'hor ch'io pe[n]so à voi / Felice Anerio -- Mentre ch'io servo à voi / Rinaldo Melli -- Alti sospir che m'uscite dal petto / D'Incerto -- Vergin del vero Sol / D'Incerto -- Ave del mare stella / D'Incerto -- Venite alme divote / D'Incerto -- Perche così facesti (seconda parte: Hor non sapevi) (ultima parte: All'hor co[n] gl'occhi bassi) / Dorisio Isorelli -- Vergin diletta sposa / P. Soto -- Lascia la bella Roma (seconda parte: Indi spirando) / D. Remigio -- Mentre del Capricorno (seconda parte: Il bel te[m]po primier) (terza parte: Chiaro gioisce il Tebro) (quarta parte: Mira Vergine) (quinta parte: E s'ei t'adora) / D. Remigio -- O bel viso leggiadro (seconda parte: Già s'apre il sacro tempio) (terza parte: Tu dunque ò Madre) / G.A. Dragone -- Alma Vergin gentile (seconda parte: Hoggi che dolce mele) (terza parte: MIRA felice Madre) (quarta parte: Il Ciel tutto si vela) (quinta parte: Volgi pietosa i lumi) (sesta parte: Ben sò ch'acerbe pene) (settima parte: Deh movati pietade) / Gio: Maria Nanino [quinta parte by G. Belardino Nanino] -- Di che t'a[m]miri stolto (seconda parte: Due gra[n]di Abissi) (terza parte: Dopp'Osea) (quarta parte: Per la Città) (quinta parte: Grida qual Giona) (sesta parte: Credan sia questo) (settima parte: Che se non fosse) (ottava parte: Non temer tu) (nona parte: Capir no[n] puoi) (decima parte: Più larga à poueri) (undecima parte: Vien'ogni mal) (duodecima parte: Nasce ogni ben) / Francesco Anerio -- Vergin ben posso dire / Don Paolo Papini -- Qual'Ape al favo da gli amanti fiori (seconda parte: Mentre più coce) / Francesco Martini Fiamengo --
=505  0\$aE pur partir conviemmi (seconda parte: Parto da Voi) (terza parte: Lasso che fia di me) (quarta parte: Che sia di me no[n] so) (quinta parte: Lungo viver m' è noia) / Fulvio Novelli -- Valli vicine, e rupi (seconda parte: Nascan' herbette) (terza parte: In questo dì giocondo) / Simon Boyleau -- Al tuo bel Te[m]pio / Fra P. Paolo da Cavi Agostiniano -- Per aspri Monti / D. Paolo Papini -- Per aspri Monti / P. Soto -- Ben scorgi di lontano / Scipion Calabrese -- Sentovi di lontano (seconda parte: Odor ch'India) (terza parte: L'opre di meraviglia) (quarta parte: E perche lu[n]gi son) / Gio. Francesco Anerio -- Angel dal Ciel / P. Giovenale -- Salce son'io / Del medesimo -- Sacra Vergin di stelle / P. Giovenale -- Se dal freddo Aquilon / Dell'Istesso -- Stendi al Popol Roman / Dell'Istesso -- Mentr'à noi vibra il Sol / Doritio Isorelli -- Alta armonia gentile / Francesco Martini Fiamengo -- Alta armonia gentile / Gio. Francesco Anerio Romano -- Alta armonia gentile / Francesco Soriano.
=505  0\$aGli ardenti miei desiri -- Lodate DIO / Giovanni Animuccia -- Benedite 'l Signore / P. Soto -- In vita e in morte mia / D'Incerto -- Vergin ch'in questa Valle / Abbate Romano -- O de' Beati / Abbate Pitigliano -- Di Regia stirpe Hebrea / Don Remigio -- Hor non nasce / D. Remigio -- Non più fasce / D. Remigio -- Non più pappe ne latte / D. Remigio -- Scende l'Angel dal Cielo / D. Rem[igio] -- Piena del VERBO eterno / D.R. -- PURA più che colo[m]ba / D.R. -- Che luce è questa / D.R. -- Donna ab' eterno / D.R. -- VERGINE santa / Abbate Napolitano -- ALTO Principio, e Monte / Scipione Dentice -- POI che Vergin / Vespasiano Roccia -- HOR'eccoti'l mio core / Del Medesimo -- Lacci e catene / D'Incerto -- Vergin luce amorosa / D'Incerto -- Alzando gli occhi al Ciel / Bartol[omeo] Roy -- TUA bellezza superna / Gio: Maria Nanino -- Donna celeste / P. Soto -- E nato Gran' Iddio / P. Soto -- Di te la Vita nasce / G. Macque -- Sorgi dal sonno (seconda parte: Il tuo bel Sol) / C Montemayor -- L'UNICO Figlio / P. Soto -- Nel'apparir del sempiterno Sole / P. Soto -- Due Rose / D'Incerto -- O di Giesù Madre / D'Incerto -- Hor'eccoti presente / Scipione Calabrese -- O di VERGINE Sacra / D'Incerto -- Luce del'Alma mia / Ruggiero Giovanelli -- Non veggio al mo[n]do cosa / Scipione Dentice -- Deh tram'in pace / Mico Montelli -- Stanca del suo penar / D'Incerto -- VERGINE se ti calse / P. Soto -- VERGINE Tu del Ciel'alma / D'Incerto -- Perche non mi consoli / D'Incerto -- Passano i giorni / D'Incerto -- Se ben risguardi / D'Incerto -- Vergin che Luna / D'Incerto -- Sorgi dal sonno / D'Incerto -- Chiaro viso leggiadro / Prospero Santini -- Da ch'à noi ricopristi / Archangelo Crivelli -- Qual chi di gra[n] febre / Archangelo Crivelli -- S'in me potesse morte / Teofilo Romano -- O VERGINE REINA / Vespasiano Roccia --
=505  0\$aS'io parto, ò Madre / D'Incerto -- O degli Angeli / D'Incerto -- Rifondi à l'Alma mia / Mico Montelli -- S'al tuo felice sguardo / Mico Montelli -- Vag'augelletto, che cantando vai / D'Incerto -- Chiari bei raggi ardenti / D'Incerto -- Del Sol e d'ogni stella / Scipione Dentice -- Alme ch'ornando'l Cielo / Ruggiero Giovanelli -- Ogni giorno m'è notte / Abbate Pitigliano -- Vorrei Vergine bella / Scipione Dentice -- Non è cosa più bella / D'Incerto -- VERGINE più del Sol lucente / D'Incerto -- Cor mio duro che fai / D'Incerto -- Madre divina / Paolo Quagliati -- Mentre lo sposo mio dorm'e riposa / D'Incerto -- Alma del Redentor / Gio: Maria Nanino -- Come Fenice regni / Annibale Marchese Napol[itano] -- S'a la mia trista vita / D'Incerto -- VERGINE dolc'e pia / D'Incerto -- Se'l vostro chiaro viso / D'Incerto -- Se pensando di te / D'Incerto -- O VERGINE MARIA / Mico Montelli -- Non più, Giove, ne Marte / Hortensio Spalenza -- Lungi, lung'infelice / Dell'Istesso -- Già si veggo[n] disgo[m]bre / Del Medesimo -- Ahi pargoletto infante / Arnoldo Fiamengo -- La Vergin Madre / Bartolomeo Roy -- Aprinmi'l petto / Mico Montelli -- Oime qual fù / D'Incerto -- Da gli aspri tuoi martiri / Vespasiano Roccia Napol[itano] -- Non son ta[n]t'onde in mare / D'Incerto -- Fugge da gli occhi'l sonno / D'Incerto -- Ahime pur s'avicina / Luca Marenzo -- Oime che tal martire / Francesco Roccia -- Il pietoso Giesù / P. Soto -- Con dolor fiero / Bened[etto] Narducci -- Christo al morir tendea / Fra Marc'Ant[onio] da S. Germ[ano]. Minor Co[n]ve[n]t[uale] -- Ond'è che 1'aureo crine / P. Soto -- Quando rimiro'l Ciel / D'Incerto -- VERGIN DONNA del Ciel / Mico Montelli --
=510  4\$aA. Einstein, 'Bibliography of Italian Secular Vocal Music Printed between the Years 1500-1700, by Emil Vogel' (Tenth Installment), Notes, 5-1 (1947),$c65-96, no. 1599/2
=510  4\$aRISM B/I,$c1599 ⁶
=546  \\$aItalian words.
=650  \0$aLaude.
=650  \0$aPart songs, Italian.
=700  0\$aAbbate,$cNapolitano,$ecomposer.
=700  0\$aAbbate,$cPitigliano,$ecomposer.
=700  0\$aMarc'Antonio,$cda S. Germano,$ecomposer.
=700  1\$aAncina, Giovanni Giovenale,$d1545-1604,$ecomposer,$ecompiler.
=700  1\$aAnerio, Felice,$dapproximately 1560-1614,$ecomposer.
=700  1\$aAnerio, Giovanni Francesco,$d-1630,$ecomposer.
=700  1\$aAnimuccia, Giovanni,$d-1571,$ecomposer.
=700  1\$aArchinto, Filippo,$d1500-1558,$ededicatee.
=700  1\$aBelletti di Monte d' Olma, Giacomo,$ecomposer.
=700  1\$aBenincasa, Orsola,$dapproximately 1550-1618,$ededicatee.
=700  1\$aBoyleau, Simon,$dactive 1544-1586,$ecomposer.
=700  1\$aCalabrese, Scipione,$ecomposer.
=700  1\$aCavi, Pietro Paolo da,$ecomposer.
=700  1\$aCrivelli, Arcangelo,$d1546-1617,$ecomposer.
=700  1\$aDentice, Scipione,$d1560-1635,$ecomposer.
=700  1\$aDon Remigio,$ecomposer.
=700  1\$aDragoni, Giovanni Andrea,$dapproximately 1540-1598,$ecomposer.
=700  1\$aFlandrus, Arnoldus,$ecomposer.
=700  1\$aGiovannelli, Ruggiero,$dapproximately 1560-1625,$ecomposer.
=700  1\$aIsorelli, Duritio,$ecomposer.
=700  1\$aMacque, Giovanni de,$dapproximately 1550-1614,$ecomposer.
=700  1\$aMarchese, Annibale,$ecomposer.
=700  1\$aMarenzio, Luca,$d1553-1599,$ecomposer.
=700  1\$aMartini, Francesco,$dapproximately 1560-1626,$ecomposer.
=700  1\$aMel, Rinaldo del,$dapproximately 1554-approximately 1598,$ecomposer.
=700  1\$aMontella, Giovan Domenico,$dapproximately 1570-1607,$ecomposer.
=700  1\$aMontemayor, Christoforo,$ecomposer.
=700  1\$aMuzi, Niccolò,$dactive 1594-1600,$eprinter.
=700  1\$aNanino, Giovanni Maria,$d1543 or 1544-1607,$ecomposer.
=700  1\$aNarducci, Benedetto,$ecomposer.
=700  1\$aNovelli, Fulvio,$ecomposer.
=700  1\$aPapini, Paolo,$ecomposer.
=700  1\$aQuagliati, Paolo,$dapproximately 1555-1628,$ecomposer.
=700  1\$aRoccia, Vespasiano,$dapproximately 1570-80-$ecomposer.
=700  1\$aRomano, Teofilo,$ecomposer.
=700  1\$aRoy, Bartolomeo,$dapproximately 1530-1599,$ecomposer.
=700  1\$aSantini, Prospero,$dactive 1591-1614,$ecomposer.
=700  1\$aSoriano, Francesco,$d1548 or 1549-1621,$ecomposer.
=700  1\$aSoto de Langa, Francisco,$d1534-1619,$ecomposer.
=700  1\$aSpalenza, Hortensio,$ecomposer.
=700  1\$aStrozzi, Giovan Battista,$d1504-1571.$tauthor.
=710  2\$aNiccolò Muzi (Firm),$eprinter.
=752  \\$aItaly$dRome.$2lcsh/naf
=856  41$uhttp://purl.org/rism/BI/1599/6$yDigitised score
=859  \\$aXLD$bDCW
=852  4\$cDRT$jDigital Store D.38.$aBritish Library$bMUSIC
=985  \\$aRecord amended for WR# 13/070
=985  \\$aname title to add
=985  \\$aCorrected by MS generated file for WR# 1805-0738
=CAT  \\$aBATCH-DCW$b00$c20180210$lBLL01$h0213
=CAT  \\$a1805-0738$c20190111$lBLL01$h1809
=CAT  \\$a1805-0738$b00$c20190111$lBLL01$h1829
=FIN  \\$aY$d20180210
=LKR  \\$aPAR$lBLL01$r776$b004172760$mTempio armonico della Beatissima Vergine N. S.$nTempio armonico della Beatissima Vergine N. S.
=DGM  \\$a004172760$bCatBridge variable field
=DRT  \\$aDCW
=SRC  \\$aDCW$bDCW_20180209
=OHC  \\$a1
=LAS  \\$a1805-0738$b00$c20190111$lBLL01$h1829

